1910 3268
916 187 1032 238 '75

10 286 73 387 3²}
99 366 103 369 .
143 319 251 372 quod
278 302 361 373 jam
397 319 608 372 proposuit
634 319 850 360 Schneider
875 333 916 373 p.
943 318 1037 370 174,
1063 320 1221 361 Richter
1247 333 1288 374 p.
1318 316 1401 363 142
1430 319 1581 361 caussis
1613 319 1869 361 confirmavit.

142 386 277 438 Degen
307 399 347 439 p.
377 383 432 426 53
465 392 637 439 quatuor
675 387 836 427 ultimos
875 400 1011 427 versus
1048 387 1330 441 suppositicios
1356 401 1455 428 >esse
1485 388 1662 436 censuit,
1705 387 1868 440 Wolper

103 463 127 495 f
144 465 186 508 p.
222 449 280 494 20
307 466 354 494 ex
394 453 552 494 duobus
593 454 820 505 fragmentis
855 455 1123 507 compositum
1167 468 1255 495 esse
1299 467 1458 495 carmen
1495 455 1648 504 statuit,
1699 467 1869 507 quorum

142 519 308 561 alterum
333 533 448 560 versu
469 517 496 562 9
519 522 677 561 linatur.
713 521 879 561 *Mirum
899 534 995 561 sane
1021 529 1093 571 est,
1125 523 1232 575 quod
1259 522 1531 575 unusquisque
1552 535 1596 562 ex
1610 522 1756 562 ultimis
1781 533 1869 561 ver—

34 606 61 623 r
101 634 109 640 ,
141 586 258 627 sibus
275 586 570 638 difficultatibus
594 587 758 636 laboret,
786 600 875 627 cum
900 588 942 627 in
963 589 1283 629 antecedentibus
1308 590 1476 642 plurima
1497 590 1599 629 bene
1622 602 1665 629 se
1684 588 1869 629 habeant.

141 653 241 695 Illud
265 649 448 705 ἔλαμψεν
479 654 520 693 in
548 667 581 694 v.
603 652 631 695 9
656 655 840 704 offendit,
867 668 958 695 cum
987 656 1069 708 jam
1093 656 1134 696 in
1167 669 1202 696 v.
1224 654 1251 696 7
1276 657 1323 696 de
1348 657 1439 696 Sole
1469 657 1617 696 dictum
1641 656 1705 697 sit.
1765 655 1870 695 Tum

141 717 309 774 καρπός,
335 726 630 774 utrumcunque
653 734 810 761 versum
837 727 904 762 aut
922 735 957 762 v.
979 715 1034 762 10
1050 728 1118 763 aut
1149 736 1185 763 V.
1213 720 1264 764 11
1290 736 1505 773 servamus,
1540 724 1582 763 in
1611 722 1869 776 sequentihus

119 787 320 837 ,vasibus
343 788 485 828 iterum
502 787 683 845 obvenit.
710 788 896 828 Forsitan
918 788 960 828 in
984 789 1220 841 repetitione
1245 790 1300 829 vis
1325 790 1517 842 quaedam
1531 790 1722 831 orationis
1747 802 1869 842 quae-

109 858 261 899 ratur.
306 855 446 907 -Neque
481 854 711 894 crediderim
745 867 780 895 v.
818 852 868 895 9:
905 853 957 896 τὰ
987 857 1151 908 βροτῶν
1186 854 1227 895 6³
1268 855 1458 910 ἕλαμψενζ
1492 855 1589 910 ἔργα
1625 857 1674 898 ab
1710 857 1869 897 infimae

27 916 65 982 ³
107 966 111 968 γ
132 921 280 968 ,ιοῑειῑίε
304 921 568 974 grammaticis
593 927 661 962 aut
681 935 702 962 a
722 921 882 965 fibrario
904 923 1078 964 additum
1092 936 1191 973 esse,
1219 936 1309 964 cum
1321 924 1530 964 Homerica
1555 924 1747 977 quaedam
1772 923 1870 963 sim-

135 989 313 1044 plicitas,
362 989 569 1031 Homerica
593 989 712 1031 verba
743 998 787 1030 ut
817 987 912 1044 ἔργα
946 990 994 1031 de
1028 992 1132 1043 agris
1169 992 1346 1044 quamvis
1381 992 1559 1044 quaesita
1586 991 1859 1032 .inveniantur.

73 1062 78 1069 '
141 1057 304 1101 Accedit
321 1057 440 1110 quod,
469 1058 503 1098 si
523 1062 731 1110 sequentes
751 1070 887 1098 versus
901 1066 1139 1111 spectamus,
1167 1063 1280 1099 antea
1301 1060 1349 1099 de
1368 1064 1470 1099 terra
1495 1059 1619 1110 magis
1645 1059 1688 1098 in
1707 1058 1866 1099 univer-

142 1134 234 1168 sum
258 1114 377 1178 quam
403 1124 451 1164 de
475 1125 559 1170 olea
593 1130 632 1164 et
663 1125 755 1164 vino
790 1125 1000 1166 dicendum
1030 1126 1226 1175 videatur,
1261 1139 1344 1166 non
1376 1126 1507 1166 statim
1538 1126 1586 1166 de
1619 1125 1793 1166 nubibus
1823 1125 1872 1166 ad

40 1205 54 1220 12
75 1224 77 1227 ,
139 1190 328 1236 arborum
353 1192 511 1232 frondes
536 1192 848 1234 transiliendum.
870 1194 928 1233 Ex
946 1193 1007 1233 his
1030 1193 1182 1234 caussis
1208 1206 1289 1233 non
1315 1207 1347 1234 v.
1362 1190 1428 1241 10,
1454 1194 1523 1233 sed
1535 1207 1568 1233 v,
1584 1190 1636 1233 11
1653 1193 1869 1234 servandus

139 1257 311 1302 ridetur:
343 1258 493 1311 optime
519 1259 627 1299 oleae
650 1260 798 1300 mentio
822 1261 873 1303 fit,
889 1266 1045 1313 praeter
1067 1261 1195 1310 vitem,
1217 1261 1364 1314 quippe
1398 1274 1499 1314 quae
1530 1261 1572 1301 in
1599 1261 1763 1302 Graecia
1785 1266 1868 1301 tota

136 1327 306 1369 maxime
319 1326 446 1367 Attica
460 1327 655 1366 coleretur
682 1339 837 1368 summa
865 1328 1083 1380 diligentia;
1108 1334 1191 1369 tum
1217 1329 1375 1369 demum
1400 1325 1642 1381 προκύπτειν
1663 1328 1743 1369 vim
1766 1341 1864 1381 pro-

20 1388 45 1430 ξ
83 1423 87 1428 .
137 1393 267 1448 priam
287 1398 436 1443 servat,
481 1393 624 1434 emicat
653 1394 757 1435 enim
792 1400 909 1448 atque
933 1396 1201 1448 progerminat
1235 1409 1279 1436 ex
1303 1396 1523 1444 frondibus,
1550 1395 1663 1448 quasi
1688 1408 1733 1435 ex
1759 1395 1869 1435 fene-

24 1458 47 1487 ⁵·
85 1499 91 1504 .
137 1460 474 1514 sua-prospiciat,
500 1461 665 1501 tructus.
710 1461 848 1514 Neque
867 1467 1036 1503 metrum
1062 1463 1235 1513 offendit,
1262 1463 1382 1503 modo
1410 1476 1500 1503 cum
1517 1463 1702 1503 Richtero
1727 1459 1866 1515 p.143

38 1531 45 1541 ²
137 1528 309 1569 ionicam
334 1529 502 1568 formam
531 1524 654 1580 ἕλάης
683 1541 758 1580 pro
784 1528 922 1576 ἐλαίας
946 1530 1215 1580 intulerimus3
1249 1531 1378 1583 prima
1408 1531 1512 1571 enim
1542 1531 1641 1571 arsis
1673 1530 1871 1571 interdum

29 1591 72 1643 fs*
137 1595 302 1636 solvitur
325 1595 373 1635 cf.
401 1596 464 1635 od.
491 1593 547 1636 27
571 1593 695 1648 (μζ);
726 1599 801 1636 τοῦ
825 1594 929 1643 Διὸς
957 1594 978 1637 ὁ
1004 1601 1099 1644 παῖς
1119 1594 1140 1637 ὃ
1163 1595 1339 1649 Βάκχος.
1399 1598 1448 1638 At
1470 1603 1620 1638 restant
1643 1603 1721 1638 tres
1745 1596 1871 1638 ultimi

89 1701 94 1705 Κ
137 1674 288 1714 versus,
314 1662 381 1715 qui
398 1675 502 1702 -num
527 1663 681 1703 restitui
705 1664 863 1715 possint
886 1665 1176 1717 desperandum
1212 1665 1376 1706 videtur.
1436 1666 1496 1706 Ne
1520 1664 1755 1705 Mehlhornii
1780 1664 1869 1716 qui-

86 1727 89 1755 Ῑ
111 1766 115 1767 ⁷
137 1729 228 1772 dem
251 1729 543 1782 interpretatio:
580 1731 840 1779 „redeuntem
864 1731 1014 1773 Bromii
1038 1745 1203 1773 succum
1233 1746 1305 1786 per
1340 1733 1431 1773 folia
1463 1739 1501 1773 et
1526 1732 1706 1786 palmites
1732 1731 1869 1771 conci-

24 1787 44 1810 '⁵‘
134 1797 248 1850 piens
273 1797 332 1837 vel
357 1796 549 1837 cohibens
571 1797 743 1838 effloruit
772 1799 888 1839 vitis“
920 1799 1046 1852 accipi
1081 1806 1251 1852 potest,
1270 1801 1443 1853 primum
1479 1800 1585 1840 enim
1616 1798 1797 1852 Βρομίου
1821 1796 1869 1838 τὸ

81 1887 85 1894 -
134 1859 257 1915 νᾶμα
273 1864 322 1904 de
344 1863 435 1904 vino
460 1864 549 1917 ipso
572 1864 726 1914 dicitur,
754 1866 802 1905 cf.
828 1866 894 1906 Ar.
919 1867 1027 1907 Eccl.
1055 1865 1122 1917 14,
1146 1880 1229 1908 non
1253 1868 1416 1920 physice
1441 1868 1489 1908 de
1524 1880 1646 1907 succo
1672 1867 1713 1907 in
1733 1879 1867 1907 ramos

135 1931 344 1985 redeuntm
374 1936 459 1972 tum
491 1929 680 1972 καθελών
711 1945 795 1973 non
826 1934 1010 1974 convenit
1040 1935 1183 1975 fructui
1220 1935 1370 1976 sensim
1411 1935 1650 1987 concipienti
1684 1945 1868 1981 succum;

133 2003 336 2051 postremo
361 1996 518 2050 καρπὸς
537 2011 742 2052 nunquam
767 2001 884 2041 vitem
919 2001 960 2041 in
996 2002 1224 2042 universum
1259 2003 1467 2054 significat.
1529 2002 1634 2051 Quin
1668 2000 1869 2054 quaeritur

136 2065 265 2115 etiam,
287 2078 383 2106 num
407 2067 559 2107 fructus
585 2068 728 2107 florere
753 2068 830 2108 dici
854 2069 995 2121 possit,
1022 2069 1099 2109 nisi
1123 2082 1195 2121 per
1218 2070 1421 2122 prolepsin
1441 2070 1538 2110 satis
1554 2070 1757 2110 audacem.
1783 2068 1866 2108 No—

40 2127 58 2172 ἶ·
75 2148 86 2174 z
128 2144 216 2175 vam
238 2133 340 2174 viam
364 2133 645 2186 interpretandi
669 2134 871 2186 ingressus
897 2142 957 2176 est
1007 2135 1172 2186 Lindau,
1196 2137 1264 2190 qui
1286 2137 1418 2177 locum
1442 2137 1500 2177 sic
1525 2136 1746 2177 constituit:

682 2240 868 2289 καρποῖσι
892 2241 989 2289 γαΐα
1012 2235 1151 2278 κύπτει

683 2302 866 2356 καρποὺς
890 2304 962 2362 ἐλᾷ
983 2301 1139 2351 ἐλαιάς.

681 2367 864 2427 Βρόμιον
889 2369 1023 2426 στέφει
1046 2371 1092 2413 τὸ
1117 2376 1228 2425 νᾶμα

663 2437 746 2477 ,καὶ
769 2434 906 2492 φύλλα
926 2432 1034 2480 κᾶτα
1058 2442 1216 2489 κλῶνας

681 2503 871 2546 καθελὼν
891 2504 1014 2561 ἔφυσε
1039 2504 1235 2562 καρπούς.

14 2599 15 2602 '
133 2605 184 2646 Ut
205 2605 367 2658 simplex
414 2606 574 2648 verbum
597 2602 759 2647 κύπτειν
783 2608 1024 2659 inusitatum,
1050 2615 1094 2649 ut
1114 2608 1264 2650 hiatum
1289 2610 1330 2649 in
1354 2606 1427 2666 ἕλᾷ
1449 2605 1585 2657 ἕλαιάς
1620 2610 1866 2663 praetermit-

137 2677 231 2723 tam,
253 2673 347 2725 quid
371 2687 417 2714 ex
440 2673 567 2714 tribus
593 2674 739 2715 ultimis
764 2676 943 2716 versibus
968 2678 1114 2716 factum
1139 2677 1201 2726 sit,
1227 2677 1441 2718 videamus.
1483 2677 1661 2718 Primum
1687 2674 1868 2729 Βρόμιος

138 2740 244 2781 nude
267 2741 423 2793 positus
445 2747 506 2781 est
530 2754 603 2794 pro
631 2742 708 2782 vite
742 2743 841 2795 ipsa,
867 2756 949 2783 non
970 2756 1043 2796 pro
1070 2744 1160 2784 vino
1187 2744 1227 2784 in
1252 2744 1492 2793 universum,
1526 2746 1632 2797 quod
1657 2757 1752 2785 sanc
1776 2744 1867 2783 ferri

139 2812 296 2860 potest3
319 2813 403 2848 tum
429 2808 523 2848 illud
550 2810 663 2859 νᾶμα
688 2811 856 2851 refertur
879 2811 928 2851 ad
949 2816 1077 2863 guttas
1103 2811 1224 2860 succi,
1250 2825 1351 2864 quae
1384 2825 1504 2852 verno
1529 2818 1708 2866 tempore
1733 2825 1777 2852 ex
1801 2824 1866 2851 ra-

139 2874 216 2915 mis
239 2875 494 2928 proveniunt3
524 2876 607 2929 jam
631 2876 718 2916 vitis
743 2878 858 2930 plane
881 2884 1029 2919 mutata
1055 2884 1125 2928 est,
1152 2880 1311 2920 frondes
1337 2880 1440 2920 enim
1476 2885 1514 2920 et
1538 2880 1636 2920 rami
1661 2878 1865 2931 repentino

49 2957 76 2986 ·.
139 2946 346 2996 tantopere
375 2949 592 2994 creverunt,
619 2950 663 2985 ut
696 2944 1000 2986 circumcidendi
1034 2946 1133 2996 sint3
1158 2947 1264 2999 quod
1297 2948 1364 3000 qui
1388 2948 1533 2996 fecerit,
1560 2949 1709 2987 fructus
1735 2945 1866 2997 genuit

142 3009 168 3049 i.
194 3021 227 3049 e.
264 3014 307 3050 ut
340 3015 605 3051 maturescere
638 3019 815 3064 possent,
847 3014 986 3054 effecit.
1049 3014 1148 3055 Cum
1172 3015 1415 3056 Boeckhium
1439 3015 1481 3054 V.
1505 3015 1576 3063 111„
1603 3015 1715 3067 cujus
1740 3013 1864 3053 bene-
