1910 3268
967 154 1023 196 39

52 331 54 333 -
97 339 101 345 Ι
136 277 244 327 „aeri
277 284 415 331 postea
449 278 647 332 insculpto
682 292 703 319 a
738 280 821 319 Jos.
849 279 1025 332 Spaletti.
1084 281 1192 321 idem
1229 280 1349 319 codex
1374 279 1513 318 deinde
1538 278 1578 318 in
1602 277 1702 318 Bibl.
1728 278 1852 318 Paris.

136 345 375 395 „wanslatus
399 346 560 386 nomine
585 346 726 387 Anacr.
745 347 919 387 Vaticani
945 347 1256 388 celebrabatur.“
1298 348 1409 396 Quae
1432 359 1523 386 culn
1547 346 1598 385 ita
1623 346 1702 386 sint
1725 358 1855 398 neque

134 412 258 453 ullum
283 413 442 454 alterius
465 414 762 467 manuscripti,
781 414 822 455 in
856 428 935 468 quo
960 413 1072 455 θέλω
1097 413 1220 468 λέγειν
1234 413 1443 467 Ἀτρείδας
1476 414 1605 466 primo
1629 413 1718 453 loco
1744 412 1854 465 posi-

137 483 222 520 mm
255 486 358 530 erat,
393 487 516 521 exstet
546 481 775 533 vestigium,
811 482 985 523 nuncin
1021 483 1157 522 codice
1179 483 1365 523 Vaticano
1401 482 1487 522 solo
1523 480 1854 534 acquiescendum

137 547 233 597 erit,
268 561 290 587 e
320 561 399 601 quo
424 549 518 601 quid
541 549 591 589 ad
614 549 885 602 antiquitatem
910 550 1129 591 carminum
1163 555 1231 591 aut
1259 549 1599 602 comprobandam
1624 553 1691 589 aut
1712 547 1853 587 infrin-

136 615 304 667 gendam
329 617 516 666 conferat,
544 616 756 657 videamus.
797 617 928 657 Codex
943 617 1152 658 Vaticanus
1178 618 1398 657 secundum
1415 616 1676 669 Levesquium
1693 615 1854 655 Notices

138 687 180 725 ot
210 682 368 723 exn-aits
404 683 446 733 V,
482 697 522 736 p.
548 681 631 725 265
667 684 827 725 ultimae
862 684 1121 736 Anthologiae
1157 685 1405 738 Cephalanae
1446 685 1548 737 parti
1593 683 1855 736 agglutinatus

135 755 231 799 emt,
255 750 470 803 eademque
492 764 614 791 manu
637 750 808 803 scriptus
833 764 921 791 esse
945 752 1107 802 videtur,
1128 765 1206 805 qua
1229 752 1419 792 nonnulla
1442 752 1533 792 solia
1557 752 1650 792 item
1675 751 1857 804 adjuncta

136 816 415 869 Anthologiae3
438 831 512 871 pro
536 818 734 858 scribendi
757 819 910 859 ratione
933 819 974 858 in
1005 819 1202 859 decimum
1237 820 1415 859 seculum
1446 819 1675 859 referendus
1706 818 1858 858 videtur

137 897 240 926 osse.
307 886 423 926 Nunc
452 887 535 938 jam
568 899 650 925 non
683 886 880 926 invenitur
911 887 952 926 in
996 887 1133 927 codice
1166 887 1343 928 Palatino
1379 886 1677 937 Heidelbergam
1709 886 1856 933 relat03

136 952 203 994 oui
224 959 513 1006 parsextrema
534 953 626 992 inde
657 967 680 994 a
702 954 844 1006 pagina
867 954 1017 994 DCXIV
1041 954 1162 995 deest.
1223 956 1353 1003 Quare
1378 954 1554 1007 Spalettii
1589 959 1628 993 et
1650 952 1858 1004 Levesquii

136 1021 328 1061 editiones
362 1021 479 1061 nobis
514 1021 660 1061 codicis
701 1021 789 1060 loco
824 1021 1030 1062 habendae
1063 1027 1169 1062 sunt.
1238 1022 1325 1062 Jam
1360 1022 1578 1063 carminum
1613 1021 1856 1060 diversorum

138 1088 332 1138 ordinem,
356 1102 457 1142 quae
480 1089 520 1128 in
546 1089 682 1129 codice
705 1089 882 1129 Palatino
909 1094 1097 1141 congesta
1128 1095 1243 1138 sunt,
1277 1089 1502 1130 videamus:
1547 1088 1589 1128 in
1621 1088 1750 1128 indice
1774 1087 1856 1127 An-

136 1156 345 1208 thologiae,
372 1156 439 1209 qui
462 1156 591 1209 primo
608 1157 701 1196 folio
728 1156 855 1196 codici
879 1157 1116 1208 a‹rgl11tinat0
1142 1157 1391 1209 perbihetur,
1416 1162 1509 1209 post
1532 1156 1857 1209 epigrammatum

135 1223 430 1272 collectionem,
465 1224 630 1264 Joannis
665 1224 908 1275 grammatici
945 1224 1085 1264 Gazaei
1118 1222 1314 1277 ἴκφοασιν
1347 1227 1419 1264 τοῦ
1451 1226 1648 1274 κοσμικοῦ
1681 1222 1858 1270 πίνακος,

135 1297 231 1344 post
253 1291 454 1331 Theocriti
478 1287 658 1344 σύριγγα,
691 1291 878 1332 Simmiae
902 1289 1112 1345 πτέρυγας,
1145 1292 1340 1333 Dosiadae
1361 1288 1518 1343 βωμόν,
1552 1290 1755 1332 Besantini
1778 1285 1860 1329 ὥόν

135 1385 176 1422 et
207 1380 375 1422 πέλεκυν
407 1381 506 1422 haec
527 1381 729 1433 leguntur·
763 1403 819 1410 -—-
852 1382 894 1422 ἰὸ
918 1359 1113 1435 ἀιακοὲοιν
1139 1382 1254 1434 τηίου
1279 1379 1540 1433 συμποσιακὰ
1562 1377 1770 1433 ἧμιάμβια
1793 1380 1860 1419 καὶ

815 1449 831 1465 E

138 1469 426 1525 ἀνακρέοντια.
460 1486 526 1511 και
551 1471 765 1525 τρᾲιετραε
809 1488 833 1512 τ
857 1469 973 1525 ἆγίου
996 1451 1169 1526 γρηγορῖ
1185 1449 1214 1514 τιιι
1232 1469 1430 1525 θεολόγον
1455 1451 1676 1513 ἓκῗέπῶν
1700 1470 1768 1510 ἐκ)
1758 1471 1861 1523 ογαὶ

138 1535 351 1593 διάφοροις
385 1545 649 1580 annectuntur
672 1541 852 1590 Arethae‚
877 1541 1087 1591 Anastasii,
1119 1541 1272 1594 Ignatii,
1309 1541 1569 1590 Constantini,
1605 1539 1861 1592 Theophanis

138 1607 434 1660 epigrammata.
493 1608 550 1647 Ex
581 1608 656 1648 hac
690 1608 778 1661 ipsa
812 1608 1031 1649 carminum
1058 1609 1316 1649 collocatione
1342 1622 1432 1649 eum
1457 1609 1524 1662 qui
1550 1608 1683 1648 omnia
1708 1606 1864 1658 collegit

138 1687 222 1716 non
244 1674 504 1715 Anacreontis
537 1675 662 1727 ipsius
694 1676 906 1716 editionem
939 1676 1010 1716 sed
1043 1676 1238 1716 delectum
1273 1677 1469 1730 quendam
1506 1676 1790 1716 cantilenarum
1822 1674 1863 1713 in

139 1741 500 1796 compotationibus
524 1742 756 1783 usitatarum
779 1744 820 1783 in
845 1743 1028 1783 manibus
1052 1743 1261 1793 habuisse,
1298 1757 1399 1796 quae
1422 1743 1680 1784 Anacreontis
1706 1742 1864 1795 quidem

137 1809 301 1851 nomine
325 1809 713 1860 circumferebantur,
739 1811 809 1850 sed
824 1810 976 1851 recenti
1000 1811 1158 1851 demum
1183 1816 1363 1864 tempore
1390 1812 1576 1852 collectae
1602 1816 1724 1859 erant,
1750 1809 1864 1849 lucu—

137 1876 264 1918 lenter
287 1884 462 1932 apparet.
521 1880 580 1920 Ne
604 1878 776 1919 delectus
802 1878 959 1931 quidem
990 1878 1141 1931 integer
1174 1884 1351 1919 servatus
1385 1884 1467 1928 est,
1504 1892 1594 1918 cum
1629 1878 1759 1918 desint
1794 1876 1865 1916 tri-

138 1950 277 1986 metra.
346 1946 471 1999 Atque
515 1960 560 1988 ex
595 1946 705 1986 titulo
741 1946 849 1986 illum
885 1959 935 1986 ne
968 1946 1099 1999 ipsum
1136 1946 1293 1998 quidem
1329 1946 1462 1988 omnia
1485 1946 1744 1986 Anacreontis
1779 1957 1868 1984 esse

141 2012 382 2054 existimasse
416 2015 486 2055 sed
530 2014 764 2067 disjunxisse
798 2013 1059 2054 Anacreontis
1098 2013 1271 2054 carmina
1315 2020 1352 2054 et
1387 2013 1676 2054 Anacreontica
1720 2012 1870 2064 optime

141 2079 425 2121 demonstravit
446 2082 674 2122 Welckerus
710 2081 825 2121 Cens.
851 2081 878 2121 l.
903 2081 928 2122 l.
956 2095 995 2133 p.
1021 2077 1284 2130 283—296‚
1320 2094 1546 2134 quanquam
1565 2076 1868 2133 Ἀνακρεόντεια

142 2159 225 2187 non
259 2148 389 2188 solum
423 2149 470 2189 de
505 2138 746 2190 carminibus
782 2148 1068 2188 Anacreontico
1115 2154 1241 2188 metro
1284 2149 1521 2200 conscriptis
1566 2149 1636 2188 sed
1679 2148 1727 2187 de
1761 2147 1867 2187 Ana-

145 2216 318 2258 creontis
350 2215 476 2268 ipsius
520 2215 759 2257 carminibus
803 2215 944 2256 dicitur
989 2216 1094 2269 apud
1130 2216 1225 2255 Gell.
1263 2212 1329 2264 19,
1359 2212 1423 2265 9.,
1468 2215 1537 2255 ubi
1566 2210 1869 2267 Ἀνακρεόντεια

145 2282 333 2336 pleraque
356 2289 394 2323 et
417 2284 615 2337 Sapphica
640 2289 898 2336 opponuntur
922 2289 1128 2336 poetarum
1161 2283 1379 2323 recentium
1405 2282 1602 2336 ἐλεγείοις,
1636 2295 1765 2335 neque
1789 2282 1869 2321 He-

146 2349 325 2403 phaestio
351 2351 399 2390 de
422 2350 540 2392 iamb.
566 2365 606 2404 p.
631 2347 687 2392 29
711 2352 771 2391 ed.
799 2351 843 2391 G.
870 2350 939 2391 ubi
963 2351 1056 2391 dicit
1089 2345 1155 2390 οἶα
1187 2349 1237 2391 τὰ
1257 2348 1562 2403 Ἀνακρεόντεια
1595 2347 1670 2390 ὅλα
1702 2348 1870 2401 &optata

147 2414 366 2471 γέγραπται
398 2418 515 2458 metri
548 2431 670 2470 genus
708 2419 777 2458 sed
810 2425 1011 2460 auctorem
1045 2419 1250 2471 significat.
1318 2419 1444 2471 Atque
1469 2418 1575 2472 quod
1599 2418 1873 2470 gravissimum

152 2489 224 2533 est,
248 2485 386 2537 primis
410 2486 542 2525 statim
567 2486 807 2526 carminibus
833 2492 1040 2539 poetarum
1071 2487 1233 2527 nomina
1257 2487 1448 2539 inscripta
1472 2492 1578 2526 sunt.
1638 2487 1729 2526 Non
1753 2485 1872 2525 mini-

151 2563 261 2591 mum
290 2565 446 2604 quoque
476 2553 626 2593 accedit
650 2554 697 2593 ad
721 2554 914 2593 Welckeri
947 2554 1182 2594 sententiam
1220 2554 1531 2594 confirmandam
1565 2554 1874 2594 emolumentum

147 2631 199 2659 ex
222 2619 351 2660 indice
374 2619 414 2659 in
440 2619 575 2659 codice
599 2620 904 2669 Barberiniano,
942 2621 989 2660 de
1011 2634 1089 2673 quo
1115 2621 1245 2662 statim
1270 2621 1431 2661 uberius
1469 2621 1664 2673 agendum
1690 2626 1770 2669 est,
1807 2633 1873 2660 ex—

153 2685 298 2727 hibito:
333 2699 557 2739 quanquam
593 2687 697 2728 enim
724 2688 795 2728 toti
828 2688 947 2728 indici
983 2689 1296 2742 superscriptum
1332 2695 1411 2730 est:
1457 2688 1598 2736 πῖναξ·
1642 2689 1718 2727 τοῦ
1760 2685 1875 2738 ἁγίου

154 2751 394 2807 Σωφρονίου
431 2751 745 2807 ἀρχιεπισκόπου
771 2752 971 2808 Σολύμων
1004 2752 1286 2808 ἀνακρεόντια,
1332 2764 1464 2797 tamen
1499 2762 1537 2796 et
1569 2756 1701 2796 multis
1737 2768 1875 2795 eorum

157 2819 276 2861 titulis
301 2823 559 2874 praeponitur
591 2825 663 2862 τοῦ
698 2821 824 2863 αὐτοῦ
857 2829 896 2863 et
927 2824 1038 2863 multi
1064 2824 1125 2864 alii
1158 2830 1512 2865 anacreonteorum
1537 2824 1753 2876 scriptores
1778 2835 1874 2874 pro-

157 2887 345 2929 feruntur.
404 2889 584 2930 Externis
620 2891 737 2942 igitur
770 2891 920 2932 caussis
956 2904 1003 2931 eo
1039 2904 1195 2944 quoque
1230 2892 1483 2940 adducimur,
1520 2896 1563 2931 ut
1592 2904 1674 2930 non
1709 2889 1876 2941 genuina

158 2954 414 2997 Anacreontis
434 2958 607 2999 carmina
625 2973 647 2999 a
666 2958 914 2999 librariorum
943 2959 1056 3011 culpa
1084 2959 1536 3011 iuterpolationibusquc
1561 2957 1763 2998 liberanda
1790 2955 1879 3002 sint,
