<?xml version="1.0" encoding="UTF-8"?>
<!DOCTYPE html PUBLIC "-//W3C//DTD XHTML 1.0 Transitional//EN"
    "http://www.w3.org/TR/xhtml1/DTD/xhtml1-transitional.dtd">
<html xmlns="http://www.w3.org/1999/xhtml" xml:lang="en" lang="en">
 <head>
  <title>
</title>
<meta http-equiv="Content-Type" content="text/html;charset=utf-8" />
  <meta name='ocr-system' content='tesseract 3.04.00' />
  <meta name='ocr-capabilities' content='ocr_page ocr_carea ocr_par ocr_line ocrx_word'/>
</head>
<body>
  <div class='ocr_page' id='page_1' title='image "./quaestionumanacr00staruoft_0083.png"; bbox 0 0 1910 3268; ppageno 0'>
   <div class='ocr_carea' id='block_1_1' title="bbox 943 183 996 226">
    <p class='ocr_par' dir='ltr' id='par_1_1' title="bbox 943 183 996 226">
     <span class='ocr_line' id='line_1_1' title="bbox 943 183 996 226; baseline 0.019 -1"><span class='ocrx_word' id='word_1_1' title='bbox 943 183 996 226; x_wconf 93' lang='grc'><strong>71</strong></span> 
     </span>
    </p>
   </div>
   <div class='ocr_carea' id='block_1_2' title="bbox 867 247 1070 254">
    <p class='ocr_par' dir='ltr' id='par_1_2' title="bbox 867 247 1070 254">
     <span class='ocr_line' id='line_1_2' title="bbox 867 247 1070 254; baseline 0 3014"><span class='ocrx_word' id='word_1_2' title='bbox 867 247 1070 254; x_wconf 95' lang='lat' dir='ltr'><strong> </strong></span> 
     </span>
    </p>
   </div>
   <div class='ocr_carea' id='block_1_3' title="bbox 80 298 1829 362">
    <p class='ocr_par' dir='ltr' id='par_1_3' title="bbox 80 298 1829 362">
     <span class='ocr_line' id='line_1_3' title="bbox 80 298 1829 362; baseline -0.006 -12.806"><span class='ocrx_word' id='word_1_3' title='bbox 80 319 149 349; x_wconf 81' lang='lat' dir='ltr'><strong>v.</strong></span> <span class='ocrx_word' id='word_1_4' title='bbox 173 304 248 351; x_wconf 75' lang='lat'><strong>25:</strong></span> <span class='ocrx_word' id='word_1_5' title='bbox 270 304 292 348; x_wconf 79' lang='grc' dir='ltr'><em>ὃ</em></span> <span class='ocrx_word' id='word_1_6' title='bbox 317 305 442 361; x_wconf 79' lang='grc' dir='ltr'><strong><em>κηρὸς</em></strong></span> <span class='ocrx_word' id='word_1_7' title='bbox 465 305 591 355; x_wconf 77' lang='grc' dir='ltr'><em>αὐτὸς</em></span> <span class='ocrx_word' id='word_1_8' title='bbox 610 307 733 361; x_wconf 69' lang='grc' dir='ltr'><em>ἐχέτω</em></span> <span class='ocrx_word' id='word_1_9' title='bbox 752 309 888 348; x_wconf 81' lang='grc' dir='ltr'><strong><em>λαλῶν</em></strong></span> <span class='ocrx_word' id='word_1_10' title='bbox 912 310 1045 362; x_wconf 79' lang='grc' dir='ltr'><em>σιωπῇ</em></span> <span class='ocrx_word' id='word_1_11' title='bbox 1067 313 1106 348; x_wconf 88' lang='lat' dir='ltr'><strong>et</strong></span> <span class='ocrx_word' id='word_1_12' title='bbox 1127 304 1196 358; x_wconf 95' lang='grc'><strong>28,</strong></span> <span class='ocrx_word' id='word_1_13' title='bbox 1207 304 1282 358; x_wconf 93' lang='grc'><strong>34·</strong></span> <span class='ocrx_word' id='word_1_14' title='bbox 1305 302 1411 358; x_wconf 80' lang='grc' dir='ltr'><em>τάχα</em></span> <span class='ocrx_word' id='word_1_15' title='bbox 1430 301 1527 357; x_wconf 76' lang='grc' dir='ltr'><strong>κηρὲ</strong></span> <span class='ocrx_word' id='word_1_16' title='bbox 1545 301 1611 343; x_wconf 80' lang='grc' dir='ltr'><strong>καὶ</strong></span> <span class='ocrx_word' id='word_1_17' title='bbox 1631 298 1829 353; x_wconf 75' lang='grc' dir='ltr'><strong>λαλήσεις.</strong></span> 
     </span>
    </p>
   </div>
   <div class='ocr_carea' id='block_1_4' title="bbox 19 366 1836 1034">
    <p class='ocr_par' dir='ltr' id='par_1_4' title="bbox 12 366 1836 1034">
     <span class='ocr_line' id='line_1_4' title="bbox 19 366 1830 429; baseline -0.007 -10.033"><span class='ocrx_word' id='word_1_18' title='bbox 19 387 46 419; x_wconf 72' lang='lat'><strong>2-</strong></span> <span class='ocrx_word' id='word_1_19' title='bbox 98 386 144 429; x_wconf 73' lang='lat' dir='ltr'><strong>vv,</strong></span> <span class='ocrx_word' id='word_1_20' title='bbox 163 370 239 418; x_wconf 69' lang='lat'><strong>29:</strong></span> <span class='ocrx_word' id='word_1_21' title='bbox 262 371 520 429; x_wconf 68' lang='grc' dir='ltr'><strong><em>ἐλεφάντινος</em></strong></span> <span class='ocrx_word' id='word_1_22' title='bbox 544 372 751 428; x_wconf 81' lang='grc' dir='ltr'><strong><em>τράχηλος</em></strong></span> <span class='ocrx_word' id='word_1_23' title='bbox 782 382 821 416; x_wconf 88' lang='lat' dir='ltr'><strong>et</strong></span> <span class='ocrx_word' id='word_1_24' title='bbox 853 372 922 425; x_wconf 82' lang='grc'><strong>28,</strong></span> <span class='ocrx_word' id='word_1_25' title='bbox 945 373 1022 418; x_wconf 65' lang='grc'><strong>271</strong></span> <span class='ocrx_word' id='word_1_26' title='bbox 1062 373 1152 428; x_wconf 80' lang='grc' dir='ltr'><em>περὶ</em></span> <span class='ocrx_word' id='word_1_27' title='bbox 1185 372 1359 428; x_wconf 77' lang='grc' dir='ltr'><em>λυγδίνῳ</em></span> <span class='ocrx_word' id='word_1_28' title='bbox 1401 366 1602 426; x_wconf 83' lang='grc' dir='ltr'><strong><em>τραχήλῳ.</em></strong></span> <span class='ocrx_word' id='word_1_29' title='bbox 1646 368 1830 410; x_wconf 89' lang='lat' dir='ltr'>Pluribus</span> 
     </span>
     <span class='ocr_line' id='line_1_5' title="bbox 89 437 1831 497; baseline -0.004 -14.343"><span class='ocrx_word' id='word_1_30' title='bbox 89 441 252 492; x_wconf 59' lang='lat' dir='ltr'><strong>-roebiS,</strong></span> <span class='ocrx_word' id='word_1_31' title='bbox 277 455 379 495; x_wconf 87' lang='lat' dir='ltr'><strong>quae</strong></span> <span class='ocrx_word' id='word_1_32' title='bbox 401 443 634 497; x_wconf 89' lang='lat' dir='ltr'><strong>simpliciter</strong></span> <span class='ocrx_word' id='word_1_33' title='bbox 667 443 769 484; x_wconf 82' lang='lat' dir='ltr'><strong>dicta</strong></span> <span class='ocrx_word' id='word_1_34' title='bbox 794 449 899 493; x_wconf 90' lang='lat' dir='ltr'><strong>sunt,</strong></span> <span class='ocrx_word' id='word_1_35' title='bbox 926 441 1249 483; x_wconf 81' lang='lat' dir='ltr'><strong>circumscribere</strong></span> <span class='ocrx_word' id='word_1_36' title='bbox 1277 441 1379 482; x_wconf 91' lang='lat' dir='ltr'><strong>solet</strong></span> <span class='ocrx_word' id='word_1_37' title='bbox 1400 440 1518 492; x_wconf 90' lang='lat' dir='ltr'><strong>hujus</strong></span> <span class='ocrx_word' id='word_1_38' title='bbox 1541 437 1668 490; x_wconf 70' lang='lat' dir='ltr'><strong>odarii</strong></span> <span class='ocrx_word' id='word_1_39' title='bbox 1691 440 1831 489; x_wconf 70' lang='lat' dir='ltr'><strong>poeta,</strong></span> 
     </span>
     <span class='ocr_line' id='line_1_6' title="bbox 74 503 1833 567; baseline -0.006 -15.325"><span class='ocrx_word' id='word_1_40' title='bbox 74 542 76 544; x_wconf 26' lang='grc' dir='ltr'>ψ</span> <span class='ocrx_word' id='word_1_41' title='bbox 109 509 371 567; x_wconf 74' lang='lat' dir='ltr'><strong>undecunque</strong></span> <span class='ocrx_word' id='word_1_42' title='bbox 403 516 537 563; x_wconf 89' lang='lat' dir='ltr'><strong>potest</strong></span> <span class='ocrx_word' id='word_1_43' title='bbox 567 511 853 563; x_wconf 83' lang='lat' dir='ltr'><strong>pulcherrimas</strong></span> <span class='ocrx_word' id='word_1_44' title='bbox 887 503 1020 563; x_wconf 80' lang='lat' dir='ltr'><strong>partes</strong></span> <span class='ocrx_word' id='word_1_45' title='bbox 1051 509 1269 562; x_wconf 83' lang='lat' dir='ltr'><strong>conquirit3</strong></span> <span class='ocrx_word' id='word_1_46' title='bbox 1304 521 1350 548; x_wconf 90' lang='lat' dir='ltr'><strong>ex</strong></span> <span class='ocrx_word' id='word_1_47' title='bbox 1371 508 1447 547; x_wconf 90' lang='lat' dir='ltr'><strong>hac</strong></span> <span class='ocrx_word' id='word_1_48' title='bbox 1476 507 1563 559; x_wconf 91' lang='lat' dir='ltr'><strong>ipsa</strong></span> <span class='ocrx_word' id='word_1_49' title='bbox 1596 517 1641 545; x_wconf 88' lang='lat' dir='ltr'><strong>re</strong></span> <span class='ocrx_word' id='word_1_50' title='bbox 1673 514 1833 544; x_wconf 87' lang='lat' dir='ltr'><strong>carmen</strong></span> 
     </span>
     <span class='ocr_line' id='line_1_7' title="bbox 20 570 1832 632; baseline -0.005 -13"><span class='ocrx_word' id='word_1_51' title='bbox 20 572 31 584; x_wconf 54' lang='lat'><em>‘</em></span> <span class='ocrx_word' id='word_1_52' title='bbox 61 625 66 630; x_wconf 31' lang='lat'>⁵</span> <span class='ocrx_word' id='word_1_53' title='bbox 112 587 195 618; x_wconf 75' lang='lat' dir='ltr'><strong>non</strong></span> <span class='ocrx_word' id='word_1_54' title='bbox 214 582 333 632; x_wconf 63' lang='lat' dir='ltr'><strong>&gt;antea</strong></span> <span class='ocrx_word' id='word_1_55' title='bbox 358 577 623 630; x_wconf 69' lang='lat' dir='ltr'><strong>compositum</strong></span> <span class='ocrx_word' id='word_1_56' title='bbox 647 590 735 618; x_wconf 92' lang='lat' dir='ltr'><strong>esse</strong></span> <span class='ocrx_word' id='word_1_57' title='bbox 759 582 934 630; x_wconf 88' lang='lat' dir='ltr'><strong>apparet,</strong></span> <span class='ocrx_word' id='word_1_58' title='bbox 960 590 1076 630; x_wconf 89' lang='lat' dir='ltr'><strong>quam</strong></span> <span class='ocrx_word' id='word_1_59' title='bbox 1094 589 1167 629; x_wconf 89' lang='lat' dir='ltr'><strong>per</strong></span> <span class='ocrx_word' id='word_1_60' title='bbox 1186 577 1349 627; x_wconf 88' lang='lat' dir='ltr'><strong>longum</strong></span> <span class='ocrx_word' id='word_1_61' title='bbox 1375 574 1570 614; x_wconf 87' lang='lat' dir='ltr'><strong>artificum</strong></span> <span class='ocrx_word' id='word_1_62' title='bbox 1594 584 1712 613; x_wconf 91' lang='lat' dir='ltr'><strong>usum</strong></span> <span class='ocrx_word' id='word_1_63' title='bbox 1746 570 1832 611; x_wconf 90' lang='lat' dir='ltr'><strong>sin-</strong></span> 
     </span>
     <span class='ocr_line' id='line_1_8' title="bbox 19 636 1832 698; baseline -0.006 -11"><span class='ocrx_word' id='word_1_64' title='bbox 19 636 30 644; x_wconf 57' lang='grc'><strong>”</strong></span> <span class='ocrx_word' id='word_1_65' title='bbox 112 643 202 695; x_wconf 69' lang='lat' dir='ltr'><strong>gula</strong></span> <span class='ocrx_word' id='word_1_66' title='bbox 220 644 416 697; x_wconf 80' lang='lat' dir='ltr'><strong>quaedam</strong></span> <span class='ocrx_word' id='word_1_67' title='bbox 447 644 644 697; x_wconf 73' lang='lat' dir='ltr'><strong>attributaj</strong></span> <span class='ocrx_word' id='word_1_68' title='bbox 667 645 831 698; x_wconf 83' lang='lat' dir='ltr'><strong>singulis</strong></span> <span class='ocrx_word' id='word_1_69' title='bbox 856 645 930 685; x_wconf 89' lang='lat' dir='ltr'><strong>diis</strong></span> <span class='ocrx_word' id='word_1_70' title='bbox 960 645 1229 685; x_wconf 80' lang='lat' dir='ltr'><strong>adhaererent.</strong></span> <span class='ocrx_word' id='word_1_71' title='bbox 1278 643 1344 683; x_wconf 89' lang='lat' dir='ltr'><strong>Sic</strong></span> <span class='ocrx_word' id='word_1_72' title='bbox 1368 641 1586 687; x_wconf 71' lang='lat' dir='ltr'><strong>Mercurius</strong></span> <span class='ocrx_word' id='word_1_73' title='bbox 1610 637 1832 692; x_wconf 87' lang='lat' dir='ltr'><strong>posteriore</strong></span> 
     </span>
     <span class='ocr_line' id='line_1_9' title="bbox 110 703 1836 764; baseline -0.004 -11.354"><span class='ocrx_word' id='word_1_74' title='bbox 110 714 288 764; x_wconf 67' lang='lat' dir='ltr'><strong>mpero</strong></span> <span class='ocrx_word' id='word_1_75' title='bbox 320 711 451 752; x_wconf 86' lang='lat' dir='ltr'><strong>statim</strong></span> <span class='ocrx_word' id='word_1_76' title='bbox 483 725 674 752; x_wconf 92' lang='lat' dir='ltr'><strong>manuum</strong></span> <span class='ocrx_word' id='word_1_77' title='bbox 707 712 932 752; x_wconf 85' lang='lat' dir='ltr'><strong>dexteritate</strong></span> <span class='ocrx_word' id='word_1_78' title='bbox 966 713 1014 753; x_wconf 86' lang='lat' dir='ltr'><strong>cf.</strong></span> <span class='ocrx_word' id='word_1_79' title='bbox 1059 711 1219 752; x_wconf 85' lang='lat' dir='ltr'><strong>Mueller</strong></span> <span class='ocrx_word' id='word_1_80' title='bbox 1251 709 1456 750; x_wconf 87' lang='lat' dir='ltr'><strong>Archaeol.</strong></span> <span class='ocrx_word' id='word_1_81' title='bbox 1483 721 1523 760; x_wconf 92' lang='lat' dir='ltr'><strong>p.</strong></span> <span class='ocrx_word' id='word_1_82' title='bbox 1555 703 1660 756; x_wconf 81' lang='lat'><strong>560,</strong></span> <span class='ocrx_word' id='word_1_83' title='bbox 1696 705 1836 747; x_wconf 84' lang='lat' dir='ltr'><strong>Pollux</strong></span> 
     </span>
     <span class='ocr_line' id='line_1_10' title="bbox 108 771 1832 832; baseline -0.004 -12.336"><span class='ocrx_word' id='word_1_84' title='bbox 108 777 304 826; x_wconf 68' lang='lat' dir='ltr'><strong>iemomm</strong></span> <span class='ocrx_word' id='word_1_85' title='bbox 323 779 456 831; x_wconf 85' lang='lat' dir='ltr'><strong>vigore</strong></span> <span class='ocrx_word' id='word_1_86' title='bbox 476 779 637 820; x_wconf 88' lang='lat' dir='ltr'><strong>Mueller</strong></span> <span class='ocrx_word' id='word_1_87' title='bbox 658 775 808 832; x_wconf 86' lang='lat' dir='ltr'><strong>p.653‚</strong></span> <span class='ocrx_word' id='word_1_88' title='bbox 832 779 1012 819; x_wconf 90' lang='lat' dir='ltr'><strong>Bacchus</strong></span> <span class='ocrx_word' id='word_1_89' title='bbox 1039 778 1110 819; x_wconf 86' lang='lat' dir='ltr'><strong>alvi</strong></span> <span class='ocrx_word' id='word_1_90' title='bbox 1120 777 1283 818; x_wconf 91' lang='lat' dir='ltr'><strong>mollitie</strong></span> <span class='ocrx_word' id='word_1_91' title='bbox 1294 777 1455 816; x_wconf 86' lang='lat' dir='ltr'><strong>Mueller</strong></span> <span class='ocrx_word' id='word_1_92' title='bbox 1478 789 1517 828; x_wconf 87' lang='lat' dir='ltr'><strong>p.</strong></span> <span class='ocrx_word' id='word_1_93' title='bbox 1531 771 1615 815; x_wconf 86' lang='grc'><strong>568</strong></span> <span class='ocrx_word' id='word_1_94' title='bbox 1639 785 1832 826; x_wconf 85' lang='lat' dir='ltr'><strong>agnosce-</strong></span> 
     </span>
     <span class='ocr_line' id='line_1_11' title="bbox 109 842 1835 899; baseline -0.006 -9.485"><span class='ocrx_word' id='word_1_95' title='bbox 109 842 240 888; x_wconf 70' lang='lat' dir='ltr'><strong>hatur.</strong></span> <span class='ocrx_word' id='word_1_96' title='bbox 297 846 532 899; x_wconf 83' lang='lat' dir='ltr'><strong>Quanquam</strong></span> <span class='ocrx_word' id='word_1_97' title='bbox 582 846 622 886; x_wconf 92' lang='lat' dir='ltr'><strong>in</strong></span> <span class='ocrx_word' id='word_1_98' title='bbox 667 846 894 886; x_wconf 87' lang='lat' dir='ltr'><strong>universum</strong></span> <span class='ocrx_word' id='word_1_99' title='bbox 938 846 1068 887; x_wconf 84' lang='lat' dir='ltr'><strong>ionica</strong></span> <span class='ocrx_word' id='word_1_100' title='bbox 1111 845 1276 886; x_wconf 88' lang='lat' dir='ltr'><strong>dialecto</strong></span> <span class='ocrx_word' id='word_1_101' title='bbox 1330 844 1454 883; x_wconf 90' lang='lat' dir='ltr'><strong>utitur</strong></span> <span class='ocrx_word' id='word_1_102' title='bbox 1503 847 1643 895; x_wconf 88' lang='lat' dir='ltr'><strong>poeta,</strong></span> <span class='ocrx_word' id='word_1_103' title='bbox 1703 846 1835 881; x_wconf 86' lang='lat' dir='ltr'><strong>tamen</strong></span> 
     </span>
     <span class='ocr_line' id='line_1_12' title="bbox 98 906 1835 966; baseline -0.005 -10.415"><span class='ocrx_word' id='word_1_104' title='bbox 98 913 281 965; x_wconf 52' lang='lat' dir='ltr'><strong>§otiores</strong></span> <span class='ocrx_word' id='word_1_105' title='bbox 303 913 496 966; x_wconf 83' lang='lat' dir='ltr'><strong>quaedam</strong></span> <span class='ocrx_word' id='word_1_106' title='bbox 519 914 669 955; x_wconf 85' lang='lat' dir='ltr'><strong>formae</strong></span> <span class='ocrx_word' id='word_1_107' title='bbox 689 918 820 954; x_wconf 80' lang='lat' dir='ltr'><strong>extant</strong></span> <span class='ocrx_word' id='word_1_108' title='bbox 843 914 893 955; x_wconf 86' lang='lat' dir='ltr'><strong>cf.</strong></span> <span class='ocrx_word' id='word_1_109' title='bbox 917 926 954 954; x_wconf 81' lang='lat' dir='ltr'><strong>v.</strong></span> <span class='ocrx_word' id='word_1_110' title='bbox 981 911 1056 954; x_wconf 89' lang='lat'><strong>17:</strong></span> <span class='ocrx_word' id='word_1_111' title='bbox 1081 915 1280 966; x_wconf 82' lang='grc' dir='ltr'><strong><em>κρεμᾶται</em></strong></span> <span class='ocrx_word' id='word_1_112' title='bbox 1304 925 1377 965; x_wconf 89' lang='lat' dir='ltr'><strong>pro</strong></span> <span class='ocrx_word' id='word_1_113' title='bbox 1399 906 1639 965; x_wconf 76' lang='grc' dir='ltr'><strong>κρεμάηται,</strong></span> <span class='ocrx_word' id='word_1_114' title='bbox 1663 906 1835 961; x_wconf 80' lang='grc' dir='ltr'><em>κρεμέη-</em></span> 
     </span>
     <span class='ocr_line' id='line_1_13' title="bbox 111 975 1833 1034; baseline -0.002 -16.194"><span class='ocrx_word' id='word_1_115' title='bbox 111 994 180 1021; x_wconf 75' lang='grc' dir='ltr'><strong>ται</strong></span> <span class='ocrx_word' id='word_1_116' title='bbox 209 980 351 1025; x_wconf 86' lang='lat' dir='ltr'><strong>ionicis</strong></span> <span class='ocrx_word' id='word_1_117' title='bbox 394 981 557 1032; x_wconf 86' lang='lat' dir='ltr'><strong>formis,</strong></span> <span class='ocrx_word' id='word_1_118' title='bbox 604 994 705 1034; x_wconf 88' lang='lat' dir='ltr'><strong>quae</strong></span> <span class='ocrx_word' id='word_1_119' title='bbox 744 981 854 1034; x_wconf 86' lang='lat' dir='ltr'><strong>ipsae</strong></span> <span class='ocrx_word' id='word_1_120' title='bbox 897 981 1055 1034; x_wconf 89' lang='lat' dir='ltr'><strong>quidem</strong></span> <span class='ocrx_word' id='word_1_121' title='bbox 1098 994 1172 1034; x_wconf 90' lang='lat' dir='ltr'><strong>pro</strong></span> <span class='ocrx_word' id='word_1_122' title='bbox 1210 980 1407 1033; x_wconf 85' lang='grc' dir='ltr'><em>κρέμηται</em></span> <span class='ocrx_word' id='word_1_123' title='bbox 1442 991 1488 1019; x_wconf 85' lang='lat' dir='ltr'><strong>ex</strong></span> <span class='ocrx_word' id='word_1_124' title='bbox 1523 977 1730 1029; x_wconf 83' lang='grc' dir='ltr'><em>κρέμαμαι</em></span> <span class='ocrx_word' id='word_1_125' title='bbox 1763 975 1833 1015; x_wconf 88' lang='lat' dir='ltr'><strong>de-</strong></span> 
     </span>
    </p>
   </div>
   <div class='ocr_carea' id='block_1_5' title="bbox 17 1037 1838 1237">
    <p class='ocr_par' dir='ltr' id='par_1_5' title="bbox 17 1037 1838 1237">
     <span class='ocr_line' id='line_1_14' title="bbox 17 1037 1835 1100; baseline -0.003 -12"><span class='ocrx_word' id='word_1_126' title='bbox 17 1037 54 1093; x_wconf 57' lang='grc' dir='ltr'><strong>’ἶέ</strong></span> <span class='ocrx_word' id='word_1_127' title='bbox 111 1046 232 1094; x_wconf 83' lang='lat' dir='ltr'><strong>ducto</strong></span> <span class='ocrx_word' id='word_1_128' title='bbox 254 1048 406 1088; x_wconf 89' lang='lat' dir='ltr'><strong>seriore</strong></span> <span class='ocrx_word' id='word_1_129' title='bbox 430 1054 555 1090; x_wconf 87' lang='lat' dir='ltr'><strong>aetate</strong></span> <span class='ocrx_word' id='word_1_130' title='bbox 587 1049 628 1089; x_wconf 92' lang='lat' dir='ltr'><strong>in</strong></span> <span class='ocrx_word' id='word_1_131' title='bbox 662 1062 780 1089; x_wconf 91' lang='lat' dir='ltr'><strong>usum</strong></span> <span class='ocrx_word' id='word_1_132' title='bbox 810 1062 952 1090; x_wconf 88' lang='lat' dir='ltr'><strong>venere</strong></span> <span class='ocrx_word' id='word_1_133' title='bbox 984 1050 1033 1090; x_wconf 87' lang='lat' dir='ltr'><strong>cf.</strong></span> <span class='ocrx_word' id='word_1_134' title='bbox 1065 1048 1208 1089; x_wconf 88' lang='lat' dir='ltr'><strong>Mehlh.</strong></span> <span class='ocrx_word' id='word_1_135' title='bbox 1241 1047 1399 1088; x_wconf 89' lang='lat' dir='ltr'><strong>Anthol.</strong></span> <span class='ocrx_word' id='word_1_136' title='bbox 1436 1046 1505 1100; x_wconf 76' lang='lat' dir='ltr'><strong>lyr.</strong></span> <span class='ocrx_word' id='word_1_137' title='bbox 1531 1059 1572 1098; x_wconf 90' lang='lat' dir='ltr'><strong>p.</strong></span> <span class='ocrx_word' id='word_1_138' title='bbox 1596 1041 1676 1094; x_wconf 78' lang='lat'><strong>853</strong></span> <span class='ocrx_word' id='word_1_139' title='bbox 1696 1057 1731 1084; x_wconf 88' lang='lat' dir='ltr'><strong>v.</strong></span> <span class='ocrx_word' id='word_1_140' title='bbox 1756 1040 1835 1083; x_wconf 84' lang='lat'><strong>31:</strong></span> 
     </span>
     <span class='ocr_line' id='line_1_15' title="bbox 34 1110 1837 1169; baseline -0.004 -11"><span class='ocrx_word' id='word_1_141' title='bbox 34 1155 40 1158; x_wconf 76' lang='grc'><strong>,,</strong></span> <span class='ocrx_word' id='word_1_142' title='bbox 108 1110 272 1169; x_wconf 82' lang='grc' dir='ltr'><strong>Ἓρμοῦ</strong></span> <span class='ocrx_word' id='word_1_143' title='bbox 294 1128 370 1169; x_wconf 89' lang='lat' dir='ltr'><strong>pro</strong></span> <span class='ocrx_word' id='word_1_144' title='bbox 389 1111 560 1169; x_wconf 75' lang='grc' dir='ltr'><strong>Ἑρμέω.</strong></span> <span class='ocrx_word' id='word_1_145' title='bbox 596 1116 860 1157; x_wconf 86' lang='lat' dir='ltr'><strong>Imitationem</strong></span> <span class='ocrx_word' id='word_1_146' title='bbox 886 1116 1005 1168; x_wconf 86' lang='lat' dir='ltr'><strong>igitur</strong></span> <span class='ocrx_word' id='word_1_147' title='bbox 1022 1116 1215 1157; x_wconf 89' lang='lat' dir='ltr'><strong>hahemus</strong></span> <span class='ocrx_word' id='word_1_148' title='bbox 1239 1114 1423 1155; x_wconf 86' lang='lat' dir='ltr'><strong>carminis</strong></span> <span class='ocrx_word' id='word_1_149' title='bbox 1436 1126 1518 1154; x_wconf 94' lang='lat' dir='ltr'><strong>non</strong></span> <span class='ocrx_word' id='word_1_150' title='bbox 1544 1112 1704 1165; x_wconf 84' lang='lat' dir='ltr'><strong>genuini</strong></span> <span class='ocrx_word' id='word_1_151' title='bbox 1728 1123 1837 1152; x_wconf 89' lang='lat' dir='ltr'><strong>eam-</strong></span> 
     </span>
     <span class='ocr_line' id='line_1_16' title="bbox 111 1182 1838 1237; baseline -0.003 -13.278"><span class='ocrx_word' id='word_1_152' title='bbox 111 1185 190 1237; x_wconf 76' lang='lat' dir='ltr'><strong>que</strong></span> <span class='ocrx_word' id='word_1_153' title='bbox 212 1195 295 1224; x_wconf 88' lang='lat' dir='ltr'><strong>non</strong></span> <span class='ocrx_word' id='word_1_154' title='bbox 318 1183 565 1224; x_wconf 82' lang='lat' dir='ltr'><strong>invenustam</strong></span> <span class='ocrx_word' id='word_1_155' title='bbox 585 1185 717 1237; x_wconf 90' lang='lat' dir='ltr'><strong>plane,</strong></span> <span class='ocrx_word' id='word_1_156' title='bbox 742 1185 812 1224; x_wconf 89' lang='lat' dir='ltr'><strong>sed</strong></span> <span class='ocrx_word' id='word_1_157' title='bbox 836 1185 1026 1225; x_wconf 87' lang='lat' dir='ltr'><strong>tumidam</strong></span> <span class='ocrx_word' id='word_1_158' title='bbox 1045 1190 1161 1237; x_wconf 86' lang='lat' dir='ltr'><strong>atque</strong></span> <span class='ocrx_word' id='word_1_159' title='bbox 1172 1183 1401 1236; x_wconf 84' lang='lat' dir='ltr'><strong>quaesitam.</strong></span> <span class='ocrx_word' id='word_1_160' title='bbox 1424 1182 1556 1222; x_wconf 87' lang='lat' dir='ltr'><strong>Pauca</strong></span> <span class='ocrx_word' id='word_1_161' title='bbox 1580 1185 1731 1220; x_wconf 90' lang='lat' dir='ltr'><strong>tantum</strong></span> <span class='ocrx_word' id='word_1_162' title='bbox 1747 1191 1838 1219; x_wconf 92' lang='lat' dir='ltr'><strong>mo-</strong></span> 
     </span>
    </p>
   </div>
   <div class='ocr_carea' id='block_1_6' title="bbox 83 1246 1840 1302">
    <p class='ocr_par' dir='ltr' id='par_1_6' title="bbox 12 1241 1840 1302">
     <span class='ocr_line' id='line_1_17' title="bbox 83 1246 1840 1302; baseline -0.004 -9.272"><span class='ocrx_word' id='word_1_163' title='bbox 83 1275 87 1277; x_wconf 98' lang='grc'>-</span> <span class='ocrx_word' id='word_1_164' title='bbox 111 1255 282 1292; x_wconf 80' lang='lat' dir='ltr'><strong>neantur</strong></span> <span class='ocrx_word' id='word_1_165' title='bbox 302 1263 404 1302; x_wconf 89' lang='lat' dir='ltr'><strong>opus</strong></span> <span class='ocrx_word' id='word_1_166' title='bbox 429 1257 490 1291; x_wconf 88' lang='lat' dir='ltr'><strong>est</strong></span> <span class='ocrx_word' id='word_1_167' title='bbox 513 1252 560 1291; x_wconf 92' lang='lat' dir='ltr'><strong>de</strong></span> <span class='ocrx_word' id='word_1_168' title='bbox 594 1252 667 1292; x_wconf 87' lang='lat' dir='ltr'><strong>alia</strong></span> <span class='ocrx_word' id='word_1_169' title='bbox 693 1252 878 1292; x_wconf 88' lang='lat' dir='ltr'><strong>carminis</strong></span> <span class='ocrx_word' id='word_1_170' title='bbox 902 1251 1077 1292; x_wconf 91' lang='lat' dir='ltr'><strong>vicesimi</strong></span> <span class='ocrx_word' id='word_1_171' title='bbox 1114 1250 1239 1290; x_wconf 86' lang='lat' dir='ltr'><strong>octavi</strong></span> <span class='ocrx_word' id='word_1_172' title='bbox 1263 1249 1494 1298; x_wconf 80' lang='lat' dir='ltr'><strong>imitatione,</strong></span> <span class='ocrx_word' id='word_1_173' title='bbox 1520 1260 1621 1300; x_wconf 89' lang='lat' dir='ltr'><strong>quae</strong></span> <span class='ocrx_word' id='word_1_174' title='bbox 1644 1246 1840 1299; x_wconf 87' lang='lat' dir='ltr'><strong>reperitur</strong></span> 
     </span>
    </p>
   </div>
   <div class='ocr_carea' id='block_1_7' title="bbox 27 1314 1839 1372">
    <p class='ocr_par' dir='ltr' id='par_1_7' title="bbox 27 1314 1839 1372">
     <span class='ocr_line' id='line_1_18' title="bbox 27 1314 1839 1372; baseline -0.003 -13"><span class='ocrx_word' id='word_1_175' title='bbox 27 1317 50 1342; x_wconf 57' lang='grc' dir='ltr'>Ὺ</span> <span class='ocrx_word' id='word_1_176' title='bbox 87 1316 155 1369; x_wconf 68' lang='lat' dir='ltr'><strong>¹in</strong></span> <span class='ocrx_word' id='word_1_177' title='bbox 178 1317 315 1359; x_wconf 74' lang='lat' dir='ltr'><strong>odai-io</strong></span> <span class='ocrx_word' id='word_1_178' title='bbox 340 1318 461 1359; x_wconf 88' lang='lat' dir='ltr'><strong>XLIX</strong></span> <span class='ocrx_word' id='word_1_179' title='bbox 487 1315 709 1372; x_wconf 47' lang='grc' dir='ltr'><strong>(ΜΛΝ-Η.</strong></span> <span class='ocrx_word' id='word_1_180' title='bbox 735 1319 880 1359; x_wconf 84' lang='lat' dir='ltr'><strong>Artifex</strong></span> <span class='ocrx_word' id='word_1_181' title='bbox 904 1319 1038 1360; x_wconf 86' lang='lat' dir='ltr'><strong>audire</strong></span> <span class='ocrx_word' id='word_1_182' title='bbox 1061 1319 1204 1372; x_wconf 82' lang='lat' dir='ltr'><strong>lyricae</strong></span> <span class='ocrx_word' id='word_1_183' title='bbox 1229 1318 1364 1357; x_wconf 91' lang='lat' dir='ltr'><strong>Musae</strong></span> <span class='ocrx_word' id='word_1_184' title='bbox 1381 1315 1605 1367; x_wconf 90' lang='lat' dir='ltr'><strong>Bacchique</strong></span> <span class='ocrx_word' id='word_1_185' title='bbox 1628 1326 1752 1354; x_wconf 90' lang='lat' dir='ltr'><strong>sonos</strong></span> <span class='ocrx_word' id='word_1_186' title='bbox 1770 1314 1839 1366; x_wconf 84' lang='lat' dir='ltr'><strong>ju-</strong></span> 
     </span>
    </p>
   </div>
   <div class='ocr_carea' id='block_1_8' title="bbox 38 1381 1837 1440">
    <p class='ocr_par' dir='ltr' id='par_1_8' title="bbox 38 1381 1837 1440">
     <span class='ocr_line' id='line_1_19' title="bbox 38 1381 1837 1440; baseline -0.004 -12"><span class='ocrx_word' id='word_1_187' title='bbox 38 1390 42 1392; x_wconf 70' lang='grc'><strong><em>’</em></strong></span> <span class='ocrx_word' id='word_1_188' title='bbox 113 1383 251 1435; x_wconf 74' lang='lat' dir='ltr'><strong>betur,</strong></span> <span class='ocrx_word' id='word_1_189' title='bbox 283 1385 428 1439; x_wconf 84' lang='lat' dir='ltr'><strong>quihus</strong></span> <span class='ocrx_word' id='word_1_190' title='bbox 462 1386 650 1427; x_wconf 83' lang='lat' dir='ltr'><strong>excitatus</strong></span> <span class='ocrx_word' id='word_1_191' title='bbox 686 1387 872 1440; x_wconf 88' lang='lat' dir='ltr'><strong>depingat</strong></span> <span class='ocrx_word' id='word_1_192' title='bbox 906 1392 944 1427; x_wconf 92' lang='lat' dir='ltr'><strong>et</strong></span> <span class='ocrx_word' id='word_1_193' title='bbox 978 1386 1151 1426; x_wconf 83' lang='lat' dir='ltr'><strong>civitates</strong></span> <span class='ocrx_word' id='word_1_194' title='bbox 1187 1385 1344 1425; x_wconf 86' lang='lat' dir='ltr'><strong>festivas</strong></span> <span class='ocrx_word' id='word_1_195' title='bbox 1380 1390 1418 1424; x_wconf 91' lang='lat' dir='ltr'><strong>et</strong></span> <span class='ocrx_word' id='word_1_196' title='bbox 1442 1382 1656 1424; x_wconf 86' lang='lat' dir='ltr'><strong>amantium</strong></span> <span class='ocrx_word' id='word_1_197' title='bbox 1682 1381 1837 1421; x_wconf 89' lang='lat' dir='ltr'><strong>modos.</strong></span> 
     </span>
    </p>
   </div>
   <div class='ocr_carea' id='block_1_9' title="bbox 1 1431 1841 1574">
    <p class='ocr_par' dir='ltr' id='par_1_9' title="bbox 1 1431 1841 1574">
     <span class='ocr_line' id='line_1_20' title="bbox 2 1431 1839 1507; baseline -0.004 -12"><span class='ocrx_word' id='word_1_198' title='bbox 2 1431 41 1507; x_wconf 19' lang='lat' dir='ltr'><strong>‘s&#39;-</strong></span> <span class='ocrx_word' id='word_1_199' title='bbox 113 1451 255 1507; x_wconf 78' lang='lat' dir='ltr'><strong>Omnia</strong></span> <span class='ocrx_word' id='word_1_200' title='bbox 289 1452 417 1493; x_wconf 81' lang='lat' dir='ltr'><strong>soluta</strong></span> <span class='ocrx_word' id='word_1_201' title='bbox 453 1459 569 1506; x_wconf 88' lang='lat' dir='ltr'><strong>atque</strong></span> <span class='ocrx_word' id='word_1_202' title='bbox 600 1454 796 1507; x_wconf 87' lang='lat' dir='ltr'><strong>disjuncta</strong></span> <span class='ocrx_word' id='word_1_203' title='bbox 826 1460 937 1503; x_wconf 84' lang='lat' dir='ltr'><strong>sunt3</strong></span> <span class='ocrx_word' id='word_1_204' title='bbox 969 1453 1065 1494; x_wconf 89' lang='lat' dir='ltr'><strong>nihil</strong></span> <span class='ocrx_word' id='word_1_205' title='bbox 1089 1453 1336 1501; x_wconf 80' lang='lat' dir='ltr'><strong>absolutum3</strong></span> <span class='ocrx_word' id='word_1_206' title='bbox 1361 1451 1454 1504; x_wconf 91' lang='lat' dir='ltr'><strong>quid</strong></span> <span class='ocrx_word' id='word_1_207' title='bbox 1477 1449 1728 1490; x_wconf 88' lang='lat' dir='ltr'><strong>librariorum</strong></span> <span class='ocrx_word' id='word_1_208' title='bbox 1755 1447 1839 1488; x_wconf 89' lang='lat' dir='ltr'><strong>cul-</strong></span> 
     </span>
     <span class='ocr_line' id='line_1_21' title="bbox 1 1509 1841 1574; baseline -0.004 -12"><span class='ocrx_word' id='word_1_209' title='bbox 1 1509 9 1540; x_wconf 70' lang='lat'><strong>&#39;¹</strong></span> <span class='ocrx_word' id='word_1_210' title='bbox 111 1531 210 1573; x_wconf 87' lang='lat' dir='ltr'><strong>pae,</strong></span> <span class='ocrx_word' id='word_1_211' title='bbox 245 1519 339 1572; x_wconf 90' lang='lat' dir='ltr'><strong>quid</strong></span> <span class='ocrx_word' id='word_1_212' title='bbox 372 1526 514 1571; x_wconf 88' lang='lat' dir='ltr'><strong>poetae</strong></span> <span class='ocrx_word' id='word_1_213' title='bbox 546 1521 697 1561; x_wconf 86' lang='lat' dir='ltr'><strong>tribuas</strong></span> <span class='ocrx_word' id='word_1_214' title='bbox 734 1521 890 1561; x_wconf 86' lang='lat' dir='ltr'><strong>difficile</strong></span> <span class='ocrx_word' id='word_1_215' title='bbox 933 1520 1218 1574; x_wconf 88' lang='lat' dir='ltr'><strong>dijudicaveris.</strong></span> <span class='ocrx_word' id='word_1_216' title='bbox 1271 1515 1441 1571; x_wconf 83' lang='grc' dir='ltr'><strong><em>Λυρικὴ</em></strong></span> <span class='ocrx_word' id='word_1_217' title='bbox 1483 1516 1641 1557; x_wconf 81' lang='grc' dir='ltr'>Μοῦσα</span> <span class='ocrx_word' id='word_1_218' title='bbox 1679 1514 1841 1556; x_wconf 89' lang='lat' dir='ltr'><strong>nonnisi</strong></span> 
     </span>
    </p>
   </div>
   <div class='ocr_carea' id='block_1_10' title="bbox 17 1583 1843 1776">
    <p class='ocr_par' dir='ltr' id='par_1_10' title="bbox 3 1580 1843 1776">
     <span class='ocr_line' id='line_1_22' title="bbox 69 1583 1838 1641; baseline -0.001 -17.027"><span class='ocrx_word' id='word_1_219' title='bbox 69 1611 74 1614; x_wconf 34' lang='grc' dir='ltr'><em>ψ</em></span> <span class='ocrx_word' id='word_1_220' title='bbox 112 1586 274 1628; x_wconf 81' lang='lat' dir='ltr'><strong>serioris</strong></span> <span class='ocrx_word' id='word_1_221' title='bbox 297 1588 436 1627; x_wconf 83' lang='lat' dir='ltr'><strong>aetatis</strong></span> <span class='ocrx_word' id='word_1_222' title='bbox 461 1589 648 1641; x_wconf 86' lang='lat' dir='ltr'><strong>scriptori</strong></span> <span class='ocrx_word' id='word_1_223' title='bbox 676 1588 876 1637; x_wconf 83' lang='lat' dir='ltr'><strong>convenit3</strong></span> <span class='ocrx_word' id='word_1_224' title='bbox 901 1587 1146 1641; x_wconf 85' lang='lat' dir='ltr'><strong>ineptissime</strong></span> <span class='ocrx_word' id='word_1_225' title='bbox 1175 1586 1280 1627; x_wconf 88' lang='lat' dir='ltr'><strong>enim</strong></span> <span class='ocrx_word' id='word_1_226' title='bbox 1305 1598 1476 1639; x_wconf 90' lang='lat' dir='ltr'><strong>poeseos</strong></span> <span class='ocrx_word' id='word_1_227' title='bbox 1502 1597 1626 1637; x_wconf 89' lang='lat' dir='ltr'><strong>genus</strong></span> <span class='ocrx_word' id='word_1_228' title='bbox 1651 1584 1700 1624; x_wconf 88' lang='lat' dir='ltr'><strong>ad</strong></span> <span class='ocrx_word' id='word_1_229' title='bbox 1724 1583 1838 1623; x_wconf 89' lang='lat' dir='ltr'><strong>deam</strong></span> 
     </span>
     <span class='ocr_line' id='line_1_23' title="bbox 88 1650 1842 1708; baseline -0.003 -13.231"><span class='ocrx_word' id='word_1_230' title='bbox 88 1696 92 1700; x_wconf 68' lang='grc'><strong>,</strong></span> <span class='ocrx_word' id='word_1_231' title='bbox 113 1654 365 1703; x_wconf 81' lang='lat' dir='ltr'><strong>transfertur,</strong></span> <span class='ocrx_word' id='word_1_232' title='bbox 394 1655 626 1707; x_wconf 87' lang='lat' dir='ltr'><strong>praesertim</strong></span> <span class='ocrx_word' id='word_1_233' title='bbox 652 1668 743 1696; x_wconf 89' lang='lat' dir='ltr'><strong>cum</strong></span> <span class='ocrx_word' id='word_1_234' title='bbox 767 1656 947 1696; x_wconf 87' lang='lat' dir='ltr'><strong>Bacchus</strong></span> <span class='ocrx_word' id='word_1_235' title='bbox 969 1655 1254 1708; x_wconf 76' lang='grc' dir='ltr'><em>φιλοπαίγμων</em></span> <span class='ocrx_word' id='word_1_236' title='bbox 1274 1653 1480 1707; x_wconf 88' lang='lat' dir='ltr'><strong>appositus</strong></span> <span class='ocrx_word' id='word_1_237' title='bbox 1505 1653 1568 1692; x_wconf 86' lang='lat' dir='ltr'><strong>sit.</strong></span> <span class='ocrx_word' id='word_1_238' title='bbox 1592 1652 1737 1692; x_wconf 87' lang='lat' dir='ltr'><strong>Versus</strong></span> <span class='ocrx_word' id='word_1_239' title='bbox 1757 1650 1842 1703; x_wconf 89' lang='lat' dir='ltr'><strong>pri-</strong></span> 
     </span>
     <span class='ocr_line' id='line_1_24' title="bbox 17 1718 1843 1776; baseline -0.001 -17"><span class='ocrx_word' id='word_1_240' title='bbox 17 1722 35 1757; x_wconf 65' lang='grc'><strong>’.7</strong></span> <span class='ocrx_word' id='word_1_241' title='bbox 55 1752 63 1759; x_wconf 77' lang='grc'><strong>.,</strong></span> <span class='ocrx_word' id='word_1_242' title='bbox 111 1733 202 1762; x_wconf 88' lang='lat' dir='ltr'><strong>mus</strong></span> <span class='ocrx_word' id='word_1_243' title='bbox 232 1735 276 1762; x_wconf 85' lang='lat' dir='ltr'><strong>ex</strong></span> <span class='ocrx_word' id='word_1_244' title='bbox 301 1721 366 1761; x_wconf 90' lang='lat' dir='ltr'><strong>od.</strong></span> <span class='ocrx_word' id='word_1_245' title='bbox 385 1718 454 1771; x_wconf 89' lang='grc'><strong>28,</strong></span> <span class='ocrx_word' id='word_1_246' title='bbox 477 1720 501 1762; x_wconf 92' lang='grc'><strong>1</strong></span> <span class='ocrx_word' id='word_1_247' title='bbox 523 1723 746 1772; x_wconf 81' lang='lat' dir='ltr'><strong>desumtus3</strong></span> <span class='ocrx_word' id='word_1_248' title='bbox 771 1723 862 1763; x_wconf 89' lang='lat' dir='ltr'><strong>inde</strong></span> <span class='ocrx_word' id='word_1_249' title='bbox 882 1736 903 1763; x_wconf 88' lang='lat' dir='ltr'><strong>a</strong></span> <span class='ocrx_word' id='word_1_250' title='bbox 923 1736 1039 1764; x_wconf 89' lang='lat' dir='ltr'><strong>versu</strong></span> <span class='ocrx_word' id='word_1_251' title='bbox 1060 1728 1199 1776; x_wconf 81' lang='lat' dir='ltr'><strong>quarto</strong></span> <span class='ocrx_word' id='word_1_252' title='bbox 1223 1734 1349 1774; x_wconf 88' lang='lat' dir='ltr'><strong>usque</strong></span> <span class='ocrx_word' id='word_1_253' title='bbox 1374 1721 1422 1761; x_wconf 87' lang='lat' dir='ltr'><strong>ad</strong></span> <span class='ocrx_word' id='word_1_254' title='bbox 1446 1722 1565 1760; x_wconf 84' lang='lat' dir='ltr'><strong>finem</strong></span> <span class='ocrx_word' id='word_1_255' title='bbox 1585 1725 1702 1772; x_wconf 91' lang='lat' dir='ltr'><strong>poeta</strong></span> <span class='ocrx_word' id='word_1_256' title='bbox 1725 1718 1843 1771; x_wconf 88' lang='lat' dir='ltr'><strong>plane</strong></span> 
     </span>
    </p>
   </div>
   <div class='ocr_carea' id='block_1_11' title="bbox 50 1784 1841 1843">
    <p class='ocr_par' dir='ltr' id='par_1_11' title="bbox 50 1784 1841 1843">
     <span class='ocr_line' id='line_1_25' title="bbox 50 1784 1841 1843; baseline -0.003 -13"><span class='ocrx_word' id='word_1_257' title='bbox 50 1801 55 1811; x_wconf 77' lang='grc'>’</span> <span class='ocrx_word' id='word_1_258' title='bbox 114 1789 180 1830; x_wconf 88' lang='lat' dir='ltr'><strong>od.</strong></span> <span class='ocrx_word' id='word_1_259' title='bbox 200 1785 269 1838; x_wconf 88' lang='grc'><strong>28,</strong></span> <span class='ocrx_word' id='word_1_260' title='bbox 288 1785 387 1829; x_wconf 84' lang='grc'><strong>6-</strong></span> <span class='ocrx_word' id='word_1_261' title='bbox 394 1786 422 1829; x_wconf 90' lang='grc'><strong>9</strong></span> <span class='ocrx_word' id='word_1_262' title='bbox 446 1789 621 1830; x_wconf 89' lang='lat' dir='ltr'><strong>imitatus</strong></span> <span class='ocrx_word' id='word_1_263' title='bbox 653 1795 725 1830; x_wconf 89' lang='lat' dir='ltr'><strong>est.</strong></span> <span class='ocrx_word' id='word_1_264' title='bbox 775 1791 922 1831; x_wconf 91' lang='lat' dir='ltr'><strong>Omnes</strong></span> <span class='ocrx_word' id='word_1_265' title='bbox 954 1791 1073 1843; x_wconf 85' lang='lat' dir='ltr'><strong>igitur</strong></span> <span class='ocrx_word' id='word_1_266' title='bbox 1097 1790 1267 1830; x_wconf 87' lang='lat' dir='ltr'><strong>editores</strong></span> <span class='ocrx_word' id='word_1_267' title='bbox 1298 1789 1376 1829; x_wconf 91' lang='lat' dir='ltr'><strong>hoc</strong></span> <span class='ocrx_word' id='word_1_268' title='bbox 1401 1788 1580 1828; x_wconf 87' lang='lat' dir='ltr'><strong>odarium</strong></span> <span class='ocrx_word' id='word_1_269' title='bbox 1602 1784 1841 1827; x_wconf 87' lang='lat' dir='ltr'><strong>Anacreonti</strong></span> 
     </span>
    </p>
   </div>
   <div class='ocr_carea' id='block_1_12' title="bbox 113 1856 731 1910">
    <p class='ocr_par' dir='ltr' id='par_1_12' title="bbox 0 1845 731 1919">
     <span class='ocr_line' id='line_1_26' title="bbox 113 1856 731 1910; baseline 0.003 -13.684"><span class='ocrx_word' id='word_1_270' title='bbox 113 1856 389 1910; x_wconf 76' lang='lat' dir='ltr'><strong>abjudicarunt</strong></span> <span class='ocrx_word' id='word_1_271' title='bbox 410 1870 491 1898; x_wconf 90' lang='lat' dir='ltr'><strong>uno</strong></span> <span class='ocrx_word' id='word_1_272' title='bbox 518 1869 731 1898; x_wconf 89' lang='lat' dir='ltr'><strong>consensu.</strong></span> 
     </span>
    </p>
   </div>
   <div class='ocr_carea' id='block_1_13' title="bbox 172 1892 1841 1977">
    <p class='ocr_par' dir='ltr' id='par_1_13' title="bbox 172 1892 1841 1977">
     <span class='ocr_line' id='line_1_27' title="bbox 172 1892 1841 1977; baseline -0.002 -13"><span class='ocrx_word' id='word_1_273' title='bbox 172 1950 174 1954; x_wconf 33' lang='grc' dir='ltr'><em>ν</em></span> <span class='ocrx_word' id='word_1_274' title='bbox 224 1924 272 1964; x_wconf 87' lang='grc'><strong>111</strong></span> <span class='ocrx_word' id='word_1_275' title='bbox 292 1924 550 1964; x_wconf 86' lang='lat' dir='ltr'><strong>describenda</strong></span> <span class='ocrx_word' id='word_1_276' title='bbox 575 1937 734 1977; x_wconf 87' lang='lat' dir='ltr'><strong>quoque</strong></span> <span class='ocrx_word' id='word_1_277' title='bbox 756 1924 927 1977; x_wconf 86' lang='lat' dir='ltr'><strong>imagine</strong></span> <span class='ocrx_word' id='word_1_278' title='bbox 958 1930 1134 1966; x_wconf 89' lang='lat' dir='ltr'><strong>versatur</strong></span> <span class='ocrx_word' id='word_1_279' title='bbox 1157 1937 1317 1967; x_wconf 90' lang='lat' dir='ltr'><strong>carmen</strong></span> <span class='ocrx_word' id='word_1_280' title='bbox 1341 1923 1476 1964; x_wconf 90' lang='lat' dir='ltr'><strong>XXXV</strong></span> <span class='ocrx_word' id='word_1_281' title='bbox 1507 1892 1575 1976; x_wconf 83' lang='lat' dir='ltr'><strong>(M.</strong></span> <span class='ocrx_word' id='word_1_282' title='bbox 1579 1918 1677 1976; x_wconf 71' lang='grc' dir='ltr'><strong>ιβ’).</strong></span> <span class='ocrx_word' id='word_1_283' title='bbox 1712 1921 1841 1961; x_wconf 91' lang='lat' dir='ltr'><strong>Puero</strong></span> 
     </span>
    </p>
   </div>
   <div class='ocr_carea' id='block_1_14' title="bbox 1 1988 1842 2705">
    <p class='ocr_par' dir='ltr' id='par_1_14' title="bbox 0 1973 1842 2709">
     <span class='ocr_line' id='line_1_28' title="bbox 111 1988 1840 2045; baseline -0.002 -13.243"><span class='ocrx_word' id='word_1_284' title='bbox 111 1991 336 2044; x_wconf 80' lang='lat' dir='ltr'><strong>imaginem,</strong></span> <span class='ocrx_word' id='word_1_285' title='bbox 367 2005 443 2044; x_wconf 88' lang='lat' dir='ltr'><strong>qua</strong></span> <span class='ocrx_word' id='word_1_286' title='bbox 468 1997 604 2032; x_wconf 87' lang='lat' dir='ltr'><strong>taurus</strong></span> <span class='ocrx_word' id='word_1_287' title='bbox 624 1992 828 2033; x_wconf 89' lang='lat' dir='ltr'><strong>mulierem</strong></span> <span class='ocrx_word' id='word_1_288' title='bbox 852 1998 1016 2045; x_wconf 87' lang='lat' dir='ltr'><strong>portans</strong></span> <span class='ocrx_word' id='word_1_289' title='bbox 1036 2005 1223 2045; x_wconf 88' lang='lat' dir='ltr'><strong>mareque</strong></span> <span class='ocrx_word' id='word_1_290' title='bbox 1239 2004 1379 2031; x_wconf 87' lang='lat' dir='ltr'><strong>secans</strong></span> <span class='ocrx_word' id='word_1_291' title='bbox 1396 1990 1569 2042; x_wconf 84' lang='lat' dir='ltr'><strong>fingitur,</strong></span> <span class='ocrx_word' id='word_1_292' title='bbox 1595 1988 1840 2043; x_wconf 87' lang='lat' dir='ltr'><strong>adspicienti,</strong></span> 
     </span>
     <span class='ocr_line' id='line_1_29' title="bbox 8 2059 1840 2115; baseline -0.003 -15"><span class='ocrx_word' id='word_1_293' title='bbox 8 2113 11 2115; x_wconf 79' lang='lat'><strong>.</strong></span> <span class='ocrx_word' id='word_1_294' title='bbox 117 2070 200 2100; x_wconf 87' lang='lat' dir='ltr'><strong>non</strong></span> <span class='ocrx_word' id='word_1_295' title='bbox 223 2059 343 2101; x_wconf 90' lang='lat' dir='ltr'><strong>alium</strong></span> <span class='ocrx_word' id='word_1_296' title='bbox 368 2072 456 2100; x_wconf 88' lang='lat' dir='ltr'><strong>esse</strong></span> <span class='ocrx_word' id='word_1_297' title='bbox 479 2072 601 2112; x_wconf 89' lang='lat' dir='ltr'><strong>posse</strong></span> <span class='ocrx_word' id='word_1_298' title='bbox 633 2059 710 2099; x_wconf 90' lang='lat' dir='ltr'><strong>nisi</strong></span> <span class='ocrx_word' id='word_1_299' title='bbox 733 2061 866 2100; x_wconf 92' lang='lat' dir='ltr'><strong>Iovem</strong></span> <span class='ocrx_word' id='word_1_300' title='bbox 889 2060 1021 2112; x_wconf 90' lang='lat' dir='ltr'><strong>ipsum</strong></span> <span class='ocrx_word' id='word_1_301' title='bbox 1042 2061 1242 2112; x_wconf 85' lang='lat' dir='ltr'><strong>Europam</strong></span> <span class='ocrx_word' id='word_1_302' title='bbox 1279 2064 1503 2112; x_wconf 87' lang='lat' dir='ltr'><strong>portantem</strong></span> <span class='ocrx_word' id='word_1_303' title='bbox 1528 2062 1685 2098; x_wconf 86' lang='lat' dir='ltr'><strong>enarrat</strong></span> <span class='ocrx_word' id='word_1_304' title='bbox 1708 2061 1840 2109; x_wconf 88' lang='lat' dir='ltr'><strong>poeta.</strong></span> 
     </span>
     <span class='ocr_line' id='line_1_30' title="bbox 1 2120 1841 2180; baseline -0.003 -12"><span class='ocrx_word' id='word_1_305' title='bbox 1 2123 13 2177; x_wconf 65' lang='lat' dir='ltr'>J</span> <span class='ocrx_word' id='word_1_306' title='bbox 30 2149 43 2167; x_wconf 72' lang='lat' dir='ltr'><em>s</em></span> <span class='ocrx_word' id='word_1_307' title='bbox 66 2120 69 2123; x_wconf 30' lang='lat'>¹</span> <span class='ocrx_word' id='word_1_308' title='bbox 104 2126 280 2168; x_wconf 76' lang='lat' dir='ltr'><strong>Summa</strong></span> <span class='ocrx_word' id='word_1_309' title='bbox 306 2126 412 2168; x_wconf 90' lang='lat' dir='ltr'><strong>inest</strong></span> <span class='ocrx_word' id='word_1_310' title='bbox 439 2126 669 2179; x_wconf 85' lang='lat' dir='ltr'><strong>simplicitas</strong></span> <span class='ocrx_word' id='word_1_311' title='bbox 698 2127 740 2167; x_wconf 93' lang='lat' dir='ltr'><strong>in</strong></span> <span class='ocrx_word' id='word_1_312' title='bbox 775 2127 924 2176; x_wconf 91' lang='lat' dir='ltr'><strong>odari0‚</strong></span> <span class='ocrx_word' id='word_1_313' title='bbox 962 2128 1068 2180; x_wconf 88' lang='lat' dir='ltr'><strong>quod</strong></span> <span class='ocrx_word' id='word_1_314' title='bbox 1092 2127 1354 2178; x_wconf 83' lang='lat' dir='ltr'><strong>fragmentum</strong></span> <span class='ocrx_word' id='word_1_315' title='bbox 1383 2139 1472 2166; x_wconf 90' lang='lat' dir='ltr'><strong>esse</strong></span> <span class='ocrx_word' id='word_1_316' title='bbox 1498 2138 1587 2165; x_wconf 89' lang='lat' dir='ltr'><strong>cum</strong></span> <span class='ocrx_word' id='word_1_317' title='bbox 1614 2125 1841 2164; x_wconf 85' lang='lat' dir='ltr'><strong>Hermanno</strong></span> 
     </span>
     <span class='ocr_line' id='line_1_31' title="bbox 21 2184 1841 2253; baseline -0.003 -18"><span class='ocrx_word' id='word_1_318' title='bbox 21 2184 49 2253; x_wconf 43' lang='grc' dir='ltr'><strong>ξ’</strong></span> <span class='ocrx_word' id='word_1_319' title='bbox 112 2193 292 2251; x_wconf 66' lang='grc'><strong>1163611111</strong></span> <span class='ocrx_word' id='word_1_320' title='bbox 312 2194 396 2234; x_wconf 91' lang='lat' dir='ltr'><strong>aliis</strong></span> <span class='ocrx_word' id='word_1_321' title='bbox 417 2207 621 2247; x_wconf 88' lang='lat' dir='ltr'><strong>nunquam</strong></span> <span class='ocrx_word' id='word_1_322' title='bbox 646 2195 890 2243; x_wconf 89' lang='lat' dir='ltr'><strong>crediderim,</strong></span> <span class='ocrx_word' id='word_1_323' title='bbox 917 2194 1110 2235; x_wconf 88' lang='lat' dir='ltr'><strong>sententia</strong></span> <span class='ocrx_word' id='word_1_324' title='bbox 1135 2194 1239 2233; x_wconf 90' lang='lat' dir='ltr'><strong>enim</strong></span> <span class='ocrx_word' id='word_1_325' title='bbox 1260 2193 1440 2234; x_wconf 87' lang='lat' dir='ltr'><strong>absoluta</strong></span> <span class='ocrx_word' id='word_1_326' title='bbox 1466 2193 1582 2245; x_wconf 87' lang='lat' dir='ltr'><strong>plane</strong></span> <span class='ocrx_word' id='word_1_327' title='bbox 1606 2198 1684 2240; x_wconf 67' lang='lat' dir='ltr'><strong>est,</strong></span> <span class='ocrx_word' id='word_1_328' title='bbox 1714 2203 1841 2243; x_wconf 92' lang='lat' dir='ltr'><strong>neque</strong></span> 
     </span>
     <span class='ocr_line' id='line_1_32' title="bbox 74 2248 1842 2315; baseline -0.002 -14.117"><span class='ocrx_word' id='word_1_329' title='bbox 74 2268 78 2274; x_wconf 84' lang='grc'><em>·</em></span> <span class='ocrx_word' id='word_1_330' title='bbox 109 2261 292 2315; x_wconf 71' lang='lat' dir='ltr'><strong>JeJunum</strong></span> <span class='ocrx_word' id='word_1_331' title='bbox 314 2261 409 2302; x_wconf 90' lang='lat' dir='ltr'><strong>illud</strong></span> <span class='ocrx_word' id='word_1_332' title='bbox 433 2266 551 2314; x_wconf 88' lang='lat' dir='ltr'><strong>atque</strong></span> <span class='ocrx_word' id='word_1_333' title='bbox 571 2261 767 2313; x_wconf 82' lang='lat' dir='ltr'><strong>frigidum,</strong></span> <span class='ocrx_word' id='word_1_334' title='bbox 789 2262 895 2315; x_wconf 87' lang='lat' dir='ltr'><strong>quod</strong></span> <span class='ocrx_word' id='word_1_335' title='bbox 915 2262 1090 2314; x_wconf 91' lang='lat' dir='ltr'><strong>Wolperi</strong></span> <span class='ocrx_word' id='word_1_336' title='bbox 1112 2276 1153 2314; x_wconf 86' lang='lat' dir='ltr'><strong>p.</strong></span> <span class='ocrx_word' id='word_1_337' title='bbox 1179 2258 1236 2303; x_wconf 89' lang='grc'><strong>20</strong></span> <span class='ocrx_word' id='word_1_338' title='bbox 1256 2261 1374 2301; x_wconf 82' lang='lat' dir='ltr'><strong>bilem</strong></span> <span class='ocrx_word' id='word_1_339' title='bbox 1395 2260 1528 2309; x_wconf 89' lang='lat' dir='ltr'><strong>movit,</strong></span> <span class='ocrx_word' id='word_1_340' title='bbox 1551 2248 1725 2300; x_wconf 84' lang='lat' dir='ltr'><strong>invenire</strong></span> <span class='ocrx_word' id='word_1_341' title='bbox 1745 2271 1842 2311; x_wconf 83' lang='lat' dir='ltr'><strong>pos-</strong></span> 
     </span>
     <span class='ocr_line' id='line_1_33' title="bbox 83 2321 1842 2382; baseline -0.002 -14.116"><span class='ocrx_word' id='word_1_342' title='bbox 83 2321 86 2324; x_wconf 34' lang='lat'><em>*</em></span> <span class='ocrx_word' id='word_1_343' title='bbox 117 2341 223 2369; x_wconf 85' lang='lat' dir='ltr'><strong>sum.</strong></span> <span class='ocrx_word' id='word_1_344' title='bbox 271 2329 365 2369; x_wconf 90' lang='lat' dir='ltr'><strong>Sine</strong></span> <span class='ocrx_word' id='word_1_345' title='bbox 397 2329 520 2370; x_wconf 90' lang='lat' dir='ltr'><strong>dubio</strong></span> <span class='ocrx_word' id='word_1_346' title='bbox 553 2329 601 2370; x_wconf 89' lang='lat' dir='ltr'><strong>ad</strong></span> <span class='ocrx_word' id='word_1_347' title='bbox 637 2341 722 2369; x_wconf 90' lang='lat' dir='ltr'><strong>eam</strong></span> <span class='ocrx_word' id='word_1_348' title='bbox 759 2335 925 2370; x_wconf 80' lang='lat' dir='ltr'><strong>aetatem</strong></span> <span class='ocrx_word' id='word_1_349' title='bbox 953 2330 1126 2382; x_wconf 90' lang='lat' dir='ltr'><strong>pertinet</strong></span> <span class='ocrx_word' id='word_1_350' title='bbox 1155 2329 1359 2378; x_wconf 85' lang='lat' dir='ltr'><strong>odarium,</strong></span> <span class='ocrx_word' id='word_1_351' title='bbox 1395 2341 1471 2380; x_wconf 89' lang='lat' dir='ltr'><strong>qua</strong></span> <span class='ocrx_word' id='word_1_352' title='bbox 1502 2328 1781 2379; x_wconf 82' lang='lat' dir='ltr'><strong>epigrammata</strong></span> <span class='ocrx_word' id='word_1_353' title='bbox 1802 2326 1842 2365; x_wconf 94' lang='lat' dir='ltr'><strong>in</strong></span> 
     </span>
     <span class='ocr_line' id='line_1_34' title="bbox 119 2392 1842 2448; baseline -0.003 -10.335"><span class='ocrx_word' id='word_1_354' title='bbox 119 2394 391 2438; x_wconf 81' lang='lat' dir='ltr'><strong>Anacreontea</strong></span> <span class='ocrx_word' id='word_1_355' title='bbox 418 2396 563 2437; x_wconf 91' lang='lat' dir='ltr'><strong>mutari</strong></span> <span class='ocrx_word' id='word_1_356' title='bbox 595 2402 735 2448; x_wconf 84' lang='lat' dir='ltr'><strong>coepta</strong></span> <span class='ocrx_word' id='word_1_357' title='bbox 760 2402 874 2446; x_wconf 84' lang='lat' dir='ltr'><strong>sunt3</strong></span> <span class='ocrx_word' id='word_1_358' title='bbox 895 2410 988 2437; x_wconf 90' lang='lat' dir='ltr'><strong>nam</strong></span> <span class='ocrx_word' id='word_1_359' title='bbox 1012 2396 1061 2436; x_wconf 90' lang='lat' dir='ltr'><strong>ad</strong></span> <span class='ocrx_word' id='word_1_360' title='bbox 1080 2396 1367 2436; x_wconf 89' lang='lat' dir='ltr'><strong>Anacreontem</strong></span> <span class='ocrx_word' id='word_1_361' title='bbox 1391 2396 1470 2435; x_wconf 90' lang='lat' dir='ltr'><strong>hoc</strong></span> <span class='ocrx_word' id='word_1_362' title='bbox 1503 2394 1668 2446; x_wconf 87' lang='lat' dir='ltr'><strong>simplex</strong></span> <span class='ocrx_word' id='word_1_363' title='bbox 1693 2392 1842 2433; x_wconf 90' lang='lat' dir='ltr'><strong>descri-</strong></span> 
     </span>
     <span class='ocr_line' id='line_1_35' title="bbox 115 2461 1842 2516; baseline -0.003 -12.312"><span class='ocrx_word' id='word_1_364' title='bbox 115 2461 235 2504; x_wconf 85' lang='lat' dir='ltr'><strong>bendi</strong></span> <span class='ocrx_word' id='word_1_365' title='bbox 255 2475 379 2516; x_wconf 83' lang='lat' dir='ltr'><strong>genus</strong></span> <span class='ocrx_word' id='word_1_366' title='bbox 399 2476 481 2504; x_wconf 90' lang='lat' dir='ltr'><strong>non</strong></span> <span class='ocrx_word' id='word_1_367' title='bbox 506 2463 705 2516; x_wconf 88' lang='lat' dir='ltr'><strong>pertinere</strong></span> <span class='ocrx_word' id='word_1_368' title='bbox 735 2464 860 2516; x_wconf 91' lang='lat' dir='ltr'><strong>quivis</strong></span> <span class='ocrx_word' id='word_1_369' title='bbox 894 2464 1010 2504; x_wconf 87' lang='lat' dir='ltr'><strong>videt.</strong></span> <span class='ocrx_word' id='word_1_370' title='bbox 1058 2464 1108 2504; x_wconf 90' lang='lat' dir='ltr'><strong>At</strong></span> <span class='ocrx_word' id='word_1_371' title='bbox 1136 2476 1218 2503; x_wconf 91' lang='lat' dir='ltr'><strong>non</strong></span> <span class='ocrx_word' id='word_1_372' title='bbox 1247 2464 1364 2516; x_wconf 89' lang='lat' dir='ltr'><strong>plane</strong></span> <span class='ocrx_word' id='word_1_373' title='bbox 1390 2475 1480 2503; x_wconf 90' lang='lat' dir='ltr'><strong>cum</strong></span> <span class='ocrx_word' id='word_1_374' title='bbox 1501 2461 1676 2502; x_wconf 90' lang='lat' dir='ltr'><strong>Herdero</strong></span> <span class='ocrx_word' id='word_1_375' title='bbox 1696 2461 1842 2500; x_wconf 84' lang='lat' dir='ltr'><strong>Annot.</strong></span> 
     </span>
     <span class='ocr_line' id='line_1_36' title="bbox 30 2516 1840 2584; baseline -0.003 -11.098"><span class='ocrx_word' id='word_1_376' title='bbox 30 2516 34 2530; x_wconf 34' lang='lat' dir='ltr'><strong>i</strong></span> <span class='ocrx_word' id='word_1_377' title='bbox 117 2529 167 2570; x_wconf 89' lang='lat' dir='ltr'><strong>ad</strong></span> <span class='ocrx_word' id='word_1_378' title='bbox 192 2530 330 2571; x_wconf 88' lang='lat' dir='ltr'><strong>Graec.</strong></span> <span class='ocrx_word' id='word_1_379' title='bbox 351 2530 425 2583; x_wconf 89' lang='lat' dir='ltr'><strong>Ep.</strong></span> <span class='ocrx_word' id='word_1_380' title='bbox 450 2544 490 2583; x_wconf 87' lang='lat' dir='ltr'><strong>p.</strong></span> <span class='ocrx_word' id='word_1_381' title='bbox 512 2531 559 2572; x_wconf 89' lang='grc' dir='ltr'><strong>Π.</strong></span> <span class='ocrx_word' id='word_1_382' title='bbox 583 2545 623 2583; x_wconf 86' lang='lat' dir='ltr'><strong>p.</strong></span> <span class='ocrx_word' id='word_1_383' title='bbox 644 2528 727 2573; x_wconf 90' lang='grc'><strong>152</strong></span> <span class='ocrx_word' id='word_1_384' title='bbox 748 2531 860 2580; x_wconf 78' lang='lat' dir='ltr'><strong>facio,</strong></span> <span class='ocrx_word' id='word_1_385' title='bbox 882 2531 949 2584; x_wconf 91' lang='lat' dir='ltr'><strong>qui</strong></span> <span class='ocrx_word' id='word_1_386' title='bbox 961 2544 1080 2571; x_wconf 89' lang='lat' dir='ltr'><strong>unam</strong></span> <span class='ocrx_word' id='word_1_387' title='bbox 1101 2531 1205 2570; x_wconf 86' lang='lat' dir='ltr'><strong>illam</strong></span> <span class='ocrx_word' id='word_1_388' title='bbox 1226 2530 1472 2579; x_wconf 86' lang='lat' dir='ltr'><strong>sententiam,</strong></span> <span class='ocrx_word' id='word_1_389' title='bbox 1494 2530 1534 2570; x_wconf 91' lang='lat' dir='ltr'><strong>in</strong></span> <span class='ocrx_word' id='word_1_390' title='bbox 1556 2542 1632 2582; x_wconf 89' lang='lat' dir='ltr'><strong>qua</strong></span> <span class='ocrx_word' id='word_1_391' title='bbox 1644 2528 1840 2580; x_wconf 84' lang='lat' dir='ltr'><strong>epigram-</strong></span> 
     </span>
     <span class='ocr_line' id='line_1_37' title="bbox 116 2595 1842 2651; baseline -0.002 -14.244"><span class='ocrx_word' id='word_1_392' title='bbox 116 2597 233 2643; x_wconf 82' lang='lat' dir='ltr'><strong>matis</strong></span> <span class='ocrx_word' id='word_1_393' title='bbox 257 2609 412 2638; x_wconf 88' lang='lat' dir='ltr'><strong>summa</strong></span> <span class='ocrx_word' id='word_1_394' title='bbox 433 2597 527 2638; x_wconf 90' lang='lat' dir='ltr'><strong>insit</strong></span> <span class='ocrx_word' id='word_1_395' title='bbox 553 2596 739 2651; x_wconf 69' lang='lat' dir='ltr'><strong>(Pointe),</strong></span> <span class='ocrx_word' id='word_1_396' title='bbox 770 2599 885 2651; x_wconf 91' lang='lat' dir='ltr'><strong>plane</strong></span> <span class='ocrx_word' id='word_1_397' title='bbox 906 2598 1102 2639; x_wconf 86' lang='lat' dir='ltr'><strong>desiderat</strong></span> <span class='ocrx_word' id='word_1_398' title='bbox 1125 2611 1289 2651; x_wconf 90' lang='lat' dir='ltr'><strong>eamque</strong></span> <span class='ocrx_word' id='word_1_399' title='bbox 1309 2598 1371 2638; x_wconf 90' lang='lat' dir='ltr'><strong>his</strong></span> <span class='ocrx_word' id='word_1_400' title='bbox 1390 2597 1568 2637; x_wconf 86' lang='lat' dir='ltr'><strong>versibus</strong></span> <span class='ocrx_word' id='word_1_401' title='bbox 1589 2595 1702 2648; x_wconf 89' lang='lat' dir='ltr'><strong>adjici</strong></span> <span class='ocrx_word' id='word_1_402' title='bbox 1723 2607 1842 2648; x_wconf 89' lang='lat' dir='ltr'><strong>posse</strong></span> 
     </span>
     <span class='ocr_line' id='line_1_38' title="bbox 11 2670 276 2705; baseline 0.007 -2.92"><span class='ocrx_word' id='word_1_403' title='bbox 11 2679 14 2683; x_wconf 89' lang='grc'><em>·</em></span> <span class='ocrx_word' id='word_1_404' title='bbox 35 2672 45 2683; x_wconf 88' lang='grc'><strong>’·</strong></span> <span class='ocrx_word' id='word_1_405' title='bbox 121 2670 276 2705; x_wconf 87' lang='lat' dir='ltr'><strong>censet:</strong></span> 
     </span>
    </p>
   </div>
   <div class='ocr_carea' id='block_1_15' title="bbox 320 2729 1585 2853">
    <p class='ocr_par' dir='ltr' id='par_1_15' title="bbox 320 2729 1585 2853">
     <span class='ocr_line' id='line_1_39' title="bbox 320 2729 1585 2784; baseline 0 -12"><span class='ocrx_word' id='word_1_406' title='bbox 320 2732 414 2778; x_wconf 71' lang='lat' dir='ltr'><strong>Aah,</strong></span> <span class='ocrx_word' id='word_1_407' title='bbox 437 2745 475 2772; x_wconf 88' lang='lat' dir='ltr'><strong>es</strong></span> <span class='ocrx_word' id='word_1_408' title='bbox 501 2735 555 2773; x_wconf 83' lang='lat' dir='ltr'><strong>ist</strong></span> <span class='ocrx_word' id='word_1_409' title='bbox 576 2732 734 2784; x_wconf 81' lang='lat' dir='ltr'><strong>Jupiter</strong></span> <span class='ocrx_word' id='word_1_410' title='bbox 757 2729 901 2774; x_wconf 84' lang='lat' dir='ltr'><strong>selbst!</strong></span> <span class='ocrx_word' id='word_1_411' title='bbox 933 2733 1008 2773; x_wconf 78' lang='lat' dir='ltr'><strong>Die</strong></span> <span class='ocrx_word' id='word_1_412' title='bbox 1030 2732 1142 2773; x_wconf 79' lang='lat' dir='ltr'><strong>Liebe</strong></span> <span class='ocrx_word' id='word_1_413' title='bbox 1164 2732 1335 2773; x_wconf 80' lang='lat' dir='ltr'><strong>wandelt</strong></span> <span class='ocrx_word' id='word_1_414' title='bbox 1360 2733 1430 2773; x_wconf 84' lang='lat' dir='ltr'><strong>der</strong></span> <span class='ocrx_word' id='word_1_415' title='bbox 1454 2732 1585 2773; x_wconf 78' lang='lat' dir='ltr'><strong>Go&#39;tter</strong></span> 
     </span>
     <span class='ocr_line' id='line_1_40' title="bbox 323 2796 1553 2853; baseline 0 -13"><span class='ocrx_word' id='word_1_416' title='bbox 323 2799 412 2840; x_wconf 84' lang='lat' dir='ltr'><strong>Gott</strong></span> <span class='ocrx_word' id='word_1_417' title='bbox 434 2813 528 2840; x_wconf 79' lang='lat' dir='ltr'><strong>zum</strong></span> <span class='ocrx_word' id='word_1_418' title='bbox 552 2799 584 2840; x_wconf 84' lang='lat' dir='ltr'><em>T</em></span> <span class='ocrx_word' id='word_1_419' title='bbox 582 2800 690 2840; x_wconf 79' lang='lat' dir='ltr'><strong>hiere</strong></span> <span class='ocrx_word' id='word_1_420' title='bbox 699 2813 712 2850; x_wconf 91' lang='lat'><strong>‚·</strong></span> <span class='ocrx_word' id='word_1_421' title='bbox 738 2802 810 2840; x_wconf 80' lang='lat' dir='ltr'><strong>wie</strong></span> <span class='ocrx_word' id='word_1_422' title='bbox 834 2802 895 2853; x_wconf 84' lang='lat' dir='ltr'><strong>oft</strong></span> <span class='ocrx_word' id='word_1_423' title='bbox 919 2799 987 2841; x_wconf 83' lang='lat' dir='ltr'><strong>hat</strong></span> <span class='ocrx_word' id='word_1_424' title='bbox 1011 2803 1068 2841; x_wconf 76' lang='lat' dir='ltr'><strong>sie</strong></span> <span class='ocrx_word' id='word_1_425' title='bbox 1092 2813 1130 2841; x_wconf 86' lang='lat' dir='ltr'><strong>es</strong></span> <span class='ocrx_word' id='word_1_426' title='bbox 1154 2799 1362 2841; x_wconf 80' lang='lat' dir='ltr'><strong>Menscken</strong></span> <span class='ocrx_word' id='word_1_427' title='bbox 1385 2796 1553 2852; x_wconf 77' lang='lat' dir='ltr'><strong>yethan!</strong></span> 
     </span>
    </p>
   </div>
   <div class='ocr_carea' id='block_1_16' title="bbox 1 2864 1841 3055">
    <p class='ocr_par' dir='ltr' id='par_1_16' title="bbox 0 2864 1841 3055">
     <span class='ocr_line' id='line_1_41' title="bbox 121 2864 1841 2920; baseline -0.002 -13.261"><span class='ocrx_word' id='word_1_428' title='bbox 121 2864 267 2908; x_wconf 83' lang='lat' dir='ltr'><strong>Contra</strong></span> <span class='ocrx_word' id='word_1_429' title='bbox 292 2866 333 2908; x_wconf 90' lang='lat' dir='ltr'><strong>in</strong></span> <span class='ocrx_word' id='word_1_430' title='bbox 358 2867 540 2907; x_wconf 86' lang='lat' dir='ltr'><strong>extremis</strong></span> <span class='ocrx_word' id='word_1_431' title='bbox 572 2868 750 2908; x_wconf 90' lang='lat' dir='ltr'><strong>versibus</strong></span> <span class='ocrx_word' id='word_1_432' title='bbox 783 2880 827 2908; x_wconf 87' lang='lat' dir='ltr'><strong>ea</strong></span> <span class='ocrx_word' id='word_1_433' title='bbox 857 2880 1041 2920; x_wconf 88' lang='lat' dir='ltr'><strong>expressa</strong></span> <span class='ocrx_word' id='word_1_434' title='bbox 1077 2874 1137 2908; x_wconf 89' lang='lat' dir='ltr'><strong>est</strong></span> <span class='ocrx_word' id='word_1_435' title='bbox 1160 2868 1353 2908; x_wconf 86' lang='lat' dir='ltr'><strong>sententia</strong></span> <span class='ocrx_word' id='word_1_436' title='bbox 1385 2868 1433 2908; x_wconf 89' lang='lat' dir='ltr'><strong>ad</strong></span> <span class='ocrx_word' id='word_1_437' title='bbox 1455 2881 1571 2920; x_wconf 87' lang='lat' dir='ltr'><strong>quam</strong></span> <span class='ocrx_word' id='word_1_438' title='bbox 1601 2864 1732 2908; x_wconf 82' lang='lat' dir='ltr'><strong>omnia</strong></span> <span class='ocrx_word' id='word_1_439' title='bbox 1754 2870 1841 2904; x_wconf 86' lang='lat' dir='ltr'><strong>ten-</strong></span> 
     </span>
     <span class='ocr_line' id='line_1_42' title="bbox 120 2932 1841 2989; baseline -0.002 -15.196"><span class='ocrx_word' id='word_1_440' title='bbox 120 2934 250 2976; x_wconf 64' lang='lat' dir='ltr'><strong>dunt:</strong></span> <span class='ocrx_word' id='word_1_441' title='bbox 268 2935 445 2987; x_wconf 89' lang='lat' dir='ltr'><strong>quamvis</strong></span> <span class='ocrx_word' id='word_1_442' title='bbox 474 2935 571 2975; x_wconf 88' lang='lat' dir='ltr'><strong>nihil</strong></span> <span class='ocrx_word' id='word_1_443' title='bbox 597 2935 673 2975; x_wconf 90' lang='lat' dir='ltr'><strong>nisi</strong></span> <span class='ocrx_word' id='word_1_444' title='bbox 708 2940 864 2975; x_wconf 84' lang='lat' dir='ltr'><strong>taurum</strong></span> <span class='ocrx_word' id='word_1_445' title='bbox 896 2936 1143 2989; x_wconf 84' lang='lat' dir='ltr'><strong>conspicias,</strong></span> <span class='ocrx_word' id='word_1_446' title='bbox 1176 2942 1304 2976; x_wconf 88' lang='lat' dir='ltr'><strong>tamen</strong></span> <span class='ocrx_word' id='word_1_447' title='bbox 1333 2933 1597 2987; x_wconf 84' lang='lat' dir='ltr'><strong>potentissimi</strong></span> <span class='ocrx_word' id='word_1_448' title='bbox 1618 2933 1670 2972; x_wconf 83' lang='lat' dir='ltr'><strong>dii</strong></span> <span class='ocrx_word' id='word_1_449' title='bbox 1693 2932 1731 2972; x_wconf 91' lang='lat' dir='ltr'><strong>in</strong></span> <span class='ocrx_word' id='word_1_450' title='bbox 1752 2944 1841 2972; x_wconf 89' lang='lat' dir='ltr'><strong>eum</strong></span> 
     </span>
     <span class='ocr_line' id='line_1_43' title="bbox 1 2993 895 3055; baseline 0 -13"><span class='ocrx_word' id='word_1_451' title='bbox 1 2993 58 3034; x_wconf 40' lang='lat'><strong>5²⁵⁵</strong></span> <span class='ocrx_word' id='word_1_452' title='bbox 120 3002 260 3042; x_wconf 88' lang='lat' dir='ltr'><strong>mutati</strong></span> <span class='ocrx_word' id='word_1_453' title='bbox 290 3002 449 3053; x_wconf 83' lang='lat' dir='ltr'><strong>vestigia</strong></span> <span class='ocrx_word' id='word_1_454' title='bbox 475 3015 555 3042; x_wconf 91' lang='lat' dir='ltr'><strong>non</strong></span> <span class='ocrx_word' id='word_1_455' title='bbox 591 3003 706 3055; x_wconf 89' lang='lat' dir='ltr'><strong>plane</strong></span> <span class='ocrx_word' id='word_1_456' title='bbox 740 3002 895 3042; x_wconf 83' lang='lat' dir='ltr'><strong>absunt.</strong></span> 
     </span>
    </p>
   </div>
   <div class='ocr_carea' id='block_1_17' title="bbox 0 84 61 3268">
    <p class='ocr_par' dir='ltr' id='par_1_17' title="bbox 0 84 61 3268">
     <span class='ocr_line' id='line_1_44' title="bbox 0 84 61 3268; baseline 0 0"><span class='ocrx_word' id='word_1_457' title='bbox 0 84 61 3268; x_wconf 95' lang='lat' dir='ltr'><strong> </strong></span> 
     </span>
    </p>
   </div>
  </div>
 </body>
</html>
