1910 3268
936 135 993 178 το

101 269 150 308 At
175 280 312 319 genam
339 267 465 319 ipsam
502 264 726 305 describere
760 276 840 303 non
874 264 956 303 vult
973 268 1112 316 poeta,
1161 263 1230 302 sed
1261 274 1361 314 quae
1393 261 1513 302 totius
1537 260 1649 300 faciei
1682 259 1828 313 positio

103 335 153 375 sit
178 334 398 374 distinctius
425 332 668 383 significare,
695 331 817 383 quod,
842 343 931 371 cum
957 331 1128 383 primum
1154 331 1323 370 frontem
1344 328 1596 377 describeret,
1623 327 1831 368 dicendum

102 406 196 442 erat.
229 401 270 441 Si
290 400 464 452 picturas
490 399 597 451 ipsas
620 398 841 438 accuratius
867 398 1055 446 intueare,
1077 403 1121 437 ut
1141 397 1316 449 picturas
1335 396 1531 436 aTornite
1542 396 1678 444 saetas,
1697 393 1834 437 Zahnii

102 469 200 508 Pict.
227 474 266 507 ct
285 468 445 508 Ornam.
471 471 629 518 poetam
656 470 806 505 amatae
831 465 969 505 faeiem
997 478 1077 505 non
1102 470 1224 504 totam
1251 468 1367 516 atque
1390 463 1594 514 integram,
1619 474 1701 502 non
1718 460 1835 514 plane

102 536 207 588 quod
227 547 301 574 nos
329 533 495 572 dicimus
512 545 558 572 en
583 535 685 585 sace,
712 534 779 573 sed
794 532 1075 584 aliquantulum
1096 543 1271 572 aversam
1291 534 1587 583 repraesentare
1610 527 1781 568 voluisse
1791 533 1837 569 ut
1856 553 1861 557 -

102 603 221 642 altera
242 614 340 653 gena
366 600 532 652 integra,
560 600 679 641 altera
700 599 843 652 partim
870 605 1089 652 appareret,
1115 598 1277 639 videbis.
1320 598 1499 638 Ceterum
1527 595 1690 636 offendit
1707 595 1835 636 forma

106 669 249 723 παρεία
286 668 403 709 attica
438 680 512 720 pro
541 667 672 708 ionica
709 663 897 719 παρήϊον.
946 666 1054 706 Alter
1085 667 1197 706 locus
1234 671 1293 705 est
1322 678 1357 705 V.
1385 661 1459 704 17:
1497 660 1715 718 βλεφάρων
1748 659 1837 702 ἴτυν

105 734 312 787 κελαίνην,
345 735 385 774 in
410 748 488 787 quo
510 735 738 787 Stephanus
775 734 871 775 nihil
904 733 980 774 nisi
1015 732 1422 785 circumscriptionem
1452 731 1582 772 inesse
1604 734 1740 770 censet
1760 741 1835 782 pro

106 804 230 843 oculis
248 803 289 842 in
306 801 533 842 universum
546 816 555 851 3
569 802 637 841 sed
653 803 772 841 modo
789 801 875 853 ipsa
891 801 1008 841 verba
1022 814 1262 854 premamus,
1285 805 1444 852 poetam
1463 804 1502 839 et
1516 797 1725 851 supercilia
1744 809 1837 837 coe·
1892 791 1894 793 ’

103 871 212 910 untia
228 875 267 909 et
291 869 469 909 ciliorum
496 869 631 908 orbem
651 869 806 920 nigrum
823 868 1056 921 disjunxisse
1072 868 1294 920 apparebit3
1316 880 1435 919 quare
1455 871 1522 907 aut
1536 864 1776 905 cumBothio
1801 870 1840 904 ct

49 965 55 971 -
103 936 376 989 Peerlkampio
419 936 558 988 copula
602 937 809 976 inserenda
855 941 921 975 aut
965 936 1182 988 asyndeton
1222 947 1311 974 cum
1356 933 1546 973 Fischero
1566 939 1570 946 '
1587 931 1837 973 statuendum

106 1005 191 1045 crit.
241 1004 318 1044 Sed
353 1002 488 1043 laturis
525 1003 573 1042 dc
614 1009 697 1043 toto
733 1003 905 1043 carmine
940 1002 1132 1055 judicium
1177 1007 1265 1042 ante
1300 1001 1433 1041 omnia
1465 1000 1505 1039 id
1529 999 1742 1039 tenendum
1765 1003 1837 1047 est,

107 1077 248 1125 poetae
284 1083 366 1109 non
398 1069 438 1108 in
475 1070 606 1113 animo
642 1069 764 1109 fuisse
798 1069 1007 1122 puellae
1049 1069 1222 1122 ipsius
1256 1067 1559 1121 pulcritudin'ffln
1603 1065 1838 1114 describere,

108 1146 190 1179 tum
217 1138 321 1178 enini
346 1150 427 1176 non
459 1137 626 1176 multum
658 1137 815 1178 abesset
839 1151 860 1177 a
888 1137 1134 1178 Constantini
1169 1137 1374 1176 Manassae
1406 1133 1564 1187 ineptiis
1598 1138 1666 1174 aut
1693 1132 1839 1172 Ariosti

110 1213 263 1246 tumore
278 1237 287 1255 ,
310 1217 480 1257 quorum
507 1210 671 1257 uterque
697 1217 787 1244 cum
813 1205 982 1257 puellam
1004 1204 1244 1244 describeret
1267 1216 1385 1256 quam
1406 1201 1721 1250 accuratissime,
1750 1212 1838 1240 om-

110 1287 199 1313 nem
233 1273 350 1325 plane
383 1271 461 1311 vim
491 1273 531 1311 in
567 1272 698 1312 animo
737 1273 1022 1312 commovendo
1066 1271 1197 1312 amisit
1230 1272 1277 1310 cf.
1309 1270 1488 1321 Lessing.
1523 1269 1716 1310 Laokoon
1748 1268 1838 1316 XX3

111 1340 259 1392 optime
293 1338 385 1391 quid
407 1339 482 1377 sibi
506 1338 673 1378 voluerit
704 1345 822 1391 poeta
855 1339 1055 1392 perspexit
1086 1339 1316 1390 Lessingius
1353 1338 1492 1378 eodem
1526 1337 1637 1376 loco:
1692 1334 1841 1383 „Scine
1899 1357 1908 1368 ν

111 1406 163 1460 ‚‚(
167 1408 231 1446 des
256 1404 455 1458 Dichters)
483 1405 639 1446 Absit-ht
663 1409 716 1447 ist
739 1407 870 1454 nicht,
905 1408 996 1448 dass
1020 1410 1095 1447 wir
1128 1409 1173 1447 in
1204 1406 1332 1446 dieser
1363 1404 1614 1446 mandlichen
1636 1403 1842 1444 Direction
1891 1421 1895 1424 ⁴

114 1475 210 1521 „des
235 1474 385 1513 Malers
422 1473 484 1512 die
516 1486 644 1526 yanze
676 1473 886 1516 Scho'nheit
920 1476 989 1515 der
1022 1474 1210 1527 yeliebten
1236 1473 1501 1525 Geyenstc'mde
1533 1471 1726 1512 erkennen
1758 1470 1841 1511 und

115 1541 286 1595 „sithlen
319 1540 470 1589 sellem
515 1552 558 1579 er
597 1540 716 1582 selbst
750 1543 956 1596 empfindet
989 1543 1052 1582 die
1085 1541 1342 1595 Unsct'hz'qkeit
1376 1540 1441 1580 des
1474 1538 1702 1580 wortlichen
1735 1537 1841 1578 Aus-

115 1609 309 1656 „druckes
342 1608 424 1647 mtd
456 1610 595 1649 m'mmt
628 1609 844 1650 ebendaher
877 1611 951 1650 den
980 1609 1186 1651 Ausdruck
1220 1610 1290 1649 der
1311 1608 1439 1648 Kunst
1470 1620 1526 1647 zu
1550 1606 1701 1659 Halfe„
1725 1605 1843 1645 deren

116 1677 177 1723 „T
177 1676 378 1728 duschuny
403 1687 446 1715 er
465 1688 507 1716 so
533 1676 622 1716 sehr
646 1677 788 1723 erhebt,
818 1678 910 1718 dass
936 1678 1007 1718 das
1030 1690 1159 1730 yanze
1178 1676 1272 1717 Lied
1294 1676 1405 1716 mehr
1429 1676 1492 1715 ein
1515 1672 1747 1726 Lobyedicht
1766 1673 1848 1725 auf

116 1745 212 1790 „die
235 1743 377 1789 Kunst‚
407 1742 468 1782 als
494 1745 574 1796 auf
592 1747 677 1784 sein
701 1744 894 1785 Madchen
916 1759 970 1785 zu
988 1748 1073 1786 sein
1096 1744 1290 1785 scheint.“
1337 1744 1470 1792 Quare
1495 1741 1671 1794 quamvis
1687 1745 1778 1793 apte
1798 1751 1844 1780 ac

115 1815 278 1851 venuste
302 1815 419 1862 poeta
445 1810 696 1863 descripserit
719 1812 947 1863 imaginem,
995 1818 1127 1853 tamen
1160 1812 1309 1865 majore
1340 1811 1437 1851 mihi
1471 1809 1586 1850 laude
1610 1809 1751 1860 dignus
1780 1806 1841 1846 vi-

117 1879 230 1918 detur
250 1890 337 1917 esse
362 1877 517 1926 artifex,
554 1879 666 1931 cujus
686 1879 815 1931 imago
841 1886 982 1932 poetae
1007 1878 1291 1919 obversabatur
1314 1878 1452 1918 oculis.

233 1945 407 1985 Alterum
431 1957 612 1995 carmen,
639 1947 745 1999 quod
770 1947 1000 1987 inscribitur
1025 1947 1080 1994 εἷς
1103 1942 1298 2000 νεώτερον
1321 1941 1567 1992 Βάθυλλον,
1601 1940 1659 1985 29
1685 1939 1767 1995 (ις’)
1795 1954 1846 1982 ne
1898 1947 1900 1950 ’

118 2013 166 2054 ab
203 2013 292 2065 ipso
319 2012 487 2064 Cephala
519 2013 676 2064 quidem
709 2013 948 2054 Anacreonti
984 2014 1154 2055 adscribi
1196 2009 1241 2054 ex
1269 2013 1380 2053 titulo
1409 2013 1546 2052 elucet.
1596 2011 1690 2052 Sine
1723 2009 1843 2050 dubio

118 2087 246 2121 statua
273 2078 585 2132 praeclarissima
610 2081 774 2133 Bathylli
810 2095 910 2134 quae
942 2082 1048 2123 Sami
1074 2087 1156 2122 erat
1179 2087 1319 2134 poetae
1341 2079 1644 2129 obversabatur3
1680 2090 1844 2120 accura—
1897 2092 1902 2097 ·

120 2148 311 2187 tissimam
338 2149 421 2200 ejus
453 2147 760 2200 descriptionem
796 2149 971 2189 invenies
1006 2149 1110 2202 apud
1141 2149 1292 2202 Apulej.
1323 2149 1429 2188 Flor.
1465 2147 1512 2196 ΙΙ,
1547 2143 1614 2187 15.
1661 2145 1846 2186 Forsitan
1876 2135 1878 2138 ’

119 2215 338 2267 Bathyllum
373 2214 481 2253 illum
506 2216 818 2267 pantomimum,
865 2217 931 2269 qui
965 2217 1130 2268 Augusti
1171 2221 1295 2257 aetate
1329 2214 1530 2261 floruerit,
1576 2213 1773 2254 celebrare
1805 2211 1846 2251 in

122 2282 254 2322 animo
281 2286 384 2330 erat,
429 2288 472 2321 ut
505 2282 682 2334 Augusto
718 2285 881 2335 gratiam
907 2285 1036 2324 ferret.
1068 2284 1202 2324 Pictor
1234 2283 1453 2336 Bathyllum
1479 2282 1640 2334 pingere
1669 2279 1844 2334 ,iubetun

123 2350 277 2402 qualem
305 2348 492 2388 describit
522 2355 639 2401 poeta
675 2364 697 2390 a
732 2351 906 2392 crinibus
940 2352 1133 2405 incipiens
1166 2364 1292 2404 usque
1325 2351 1374 2391 ad
1405 2351 1553 2389 femora
1587 2347 1844 2388 descendens.

123 2417 237 2456 Dolet
260 2417 366 2469 quod
392 2416 554 2456 dorsum
578 2417 740 2470 pingere
764 2431 846 2459 non
867 2419 995 2471 possit
1017 2419 1157 2472 pictor,
1183 2418 1438 2459 nihilominus
1459 2426 1735 2469 quamcunque
1758 2413 1850 2453 velit
1905 2422 1910 2425 ”

123 2485 344 2524 mercedem
377 2485 583 2536 promittit.
631 2486 719 2526 Jam
744 2486 912 2538 adspicit
945 2486 1135 2539 Apollinis
1171 2485 1382 2537 imaginem
1417 2484 1457 2523 in
1489 2481 1645 2522 officina
1669 2480 1850 2534 penden-
1891 2469 1895 2472 Δ

128 2559 226 2599 iem,
248 2551 380 2591 statim
402 2551 442 2590 in
466 2552 685 2604 Bathyllum
711 2559 756 2593 ut
778 2559 974 2603 mutetur,
1021 2558 1189 2606 exoptat.
1237 2552 1418 2593 Eundem
1442 2551 1558 2604 plane
1582 2548 1760 2588 ordinem
1784 2559 1848 2588 se-

130 2618 264 2670 quitur
298 2623 415 2670 poeta
450 2624 567 2671 atque
602 2620 668 2671 qui
702 2621 743 2660 in
768 2621 1023 2661 antecedente
1048 2620 1221 2661 carmine
1245 2619 1460 2668 exhibetur,
1486 2617 1562 2658 nisi
1587 2616 1693 2669 quod
1716 2614 1849 2655 minus
1908 2650 1910 2665 ἕ

127 2685 270 2737 pudice
295 2685 343 2724 ad
374 2685 578 2726 inferiores
615 2688 794 2739 corporis
834 2693 965 2740 partes
1001 2688 1278 2728 describendas
1313 2686 1464 2727 transit.
1520 2681 1850 2724 Luculentissima
1908 2735 1910 2737 ι

127 2751 355 2792 imitationis
380 2753 541 2803 vestigia
565 2760 769 2806 apparent,
806 2756 925 2795 modo
953 2768 1158 2808 compares
1192 2769 1227 2795 v.
1265 2752 1328 2796 2.;
1364 2749 1418 2800 ὥς
1443 2747 1624 2792 διδάσκω
1648 2755 1686 2790 et
1708 2745 1776 2792 29.
1800 2745 1850 2788 4:
1901 2746 1910 2801 j

127 2815 182 2865 ὡς
203 2815 253 2858 ἂν
278 2815 376 2859 &mh
399 2848 409 2868 ,
431 2833 465 2859 v.
490 2818 529 2860 3.
554 2819 603 2861 4:
649 2819 819 2875 λιπαρὰς
845 2819 975 2873 κόμας
999 2844 1054 2852 -—
1071 2822 1266 2874 μελαίνας
1287 2828 1325 2862 ct
1353 2818 1422 2870 28,
1447 2817 1491 2860 7;
1527 2811 1852 2873 τρίχας-ἁπαλάς
1904 2799 1910 2837 ²

128 2902 170 2927 τε
190 2887 256 2926 καὶ
280 2885 486 2938 μελαίνας,
514 2901 547 2928 ν.
575 2885 641 2928 18.
669 2886 739 2929 19;
781 2886 1137 2943 ῥοδίνῃ-παρειήν
1169 2895 1207 2929 et
1240 2885 1414 2938 28,”23;
1455 2882 1558 2941 ῥόδα
1587 2887 1647 2940 τῷ
1680 2881 1853 2937 γάλακτι
1904 2875 1910 2919 'fi

128 2955 272 3006 μίξας,
292 2968 326 2995 ν.
353 2952 426 2995 ΞΑε
455 2953 623 3008 (χεῖλος)
650 2954 774 3008 γέμον
790 2972 830 2996 τε
856 2959 1022 3003 πειθοῦς
1048 2953 1163 3004 1428,
1190 2953 1262 2995 24ε
1285 2951 1413 3009 γράφε
1430 2955 1564 3007 χεῖλος
1586 2947 1652 2993 οἷα
1671 2951 1855 2998 Πειθοῦς
1893 2991 1910 3030 ἑ
