1910 3268
918 139 975 183 86

84 263 274 320 ῥείθρων.
310 263 382 308 12:
432 265 667 318 ἐπιθυμίαν.
698 262 774 306 67:
802 262 1009 318 &2294772
1040 267 1183 321 χορεία
1209 274 1247 308 et
1271 268 1429 310 doricae
1453 276 1497 310 ut
1514 267 1593 311 65:
1626 267 1756 323 τόλμα
1777 273 1812 312 ei

85 333 324 374 exciderunt.

197 401 475 454 Posteaquam,
508 401 672 454 quaein
698 401 927 441 enarrandis
962 402 1119 442 Amoris
1150 402 1271 443 rebus
1303 405 1422 456 gestis
1453 410 1570 457 atque
1603 406 1692 446 fatis
1724 419 1812 447 car—

87 468 193 508 mina
217 455 441 518 versantur,
467 468 791 521 percensuimus,
819 469 898 508 duo
924 469 1041 508 nobis
1068 475 1304 520 occurrunt,
1331 484 1430 523 qnae
1456 472 1504 512 ad
1524 472 1812 514 Anacreontem

86 536 218 588 ipsum
244 535 453 588 pertinent.
513 534 689 574 Alterum
715 541 775 575 est
798 536 949 576 nonum
977 535 1046 588 (M.
1073 533 1163 590 ιδ’),
1204 551 1225 577 a
1249 539 1600 590 praestantissimis
1624 526 1752 592 fietis
1777 546 1817 581 et

84 603 267 643 laudibus
302 603 545 643 cumulatum
589 608 627 642 et
660 602 880 643 imitatione
921 617 1173 657 expressum,
1223 605 1264 645 in
1306 619 1384 658 quo
1431 606 1613 647 columba
1647 607 1814 648 volitans

85 670 345 722 myrrhosque
375 670 558 709 redolens
591 670 743 710 homini
775 671 910 720 alicui,
955 685 977 711 a
1010 685 1088 724 quo
1124 672 1164 712 in
1191 673 1330 713 itinere
1360 673 1641 726 interpellatur,
1680 687 1768 714 sese
1784 686 1814 715 ‘a

85 736 234 776 Venere
258 737 454 777 venditam
475 738 813 791 Anacreontisque
836 739 1021 779 famulam
1046 741 1188 780 factam
1211 740 1360 780 litteras
1386 741 1433 780 ad
1468 741 1687 793 Bathyllum
1722 754 1815 794 per-

87 804 189 844 ferre
214 810 391 854 enarrat:
427 818 503 857 qua
527 818 570 844 re
593 806 766 857 perfec-ta
792 819 1017 858 quanquam
1041 807 1260 847 libertatem
1286 807 1320 847 ei
1345 807 1572 860 promiserit
1592 808 1811 858 Anacreon,

89 876 221 911 tamen
245 871 430 912 libentius
457 873 562 925 apud
587 885 722 912 senem
748 886 791 913 se
817 881 1150 915 commoraturam
1186 887 1286 914 esse.
1347 877 1488 916 Omnia
1522 876 1722 928 praeclare
1746 889 1813 917 ex-

90 939 260 990 cogitata
284 945 378 980 sunt
401 945 518 993 atque
545 941 742 991 eleganter
765 941 890 990 dicta;
933 942 1081 994 optime
1106 947 1224 995 poeta
1249 942 1473 982 columbam
1499 955 1544 983 ea
1570 943 1816 984 enarrantem

89 1006 199 1055 fecit,
233 1020 333 1060 quae
358 1007 391 1047 si
417 1008 503 1060 ipse
529 1014 763 1056 enarrasset,
791 1014 829 1048 et
861 1008 1094 1060 languerent
1117 1014 1155 1048 et
1179 1009 1353 1061 quaesita
1387 1010 1636 1062 simplicitate
1658 1011 1816 1051 labora*-

87 1080 200 1123 rent3
242 1076 347 1115 unde
373 1075 588 1115 Schneider
624 1089 664 1127 p.
698 1072 782 1114 339
820 1075 942 1124 sciat,
985 1089 1007 1116 a
1032 1082 1207 1116 veterum
1240 1082 1447 1128 poetarum
1478 1090 1555 1118 usu
1588 1078 1814 1127 abhorrere,

90 1141 124 1181 si
149 1142 334 1182 columba
359 1143 407 1182 ab
434 1143 563 1195 aliquo
589 1142 726 1194 ignoto
752 1142 914 1183 homine
939 1144 1268 1195 interrogaretur,
1296 1144 1475 1196 equidem
1501 1145 1657 1195 nescio:
1688 1158 1817 1198 neque

81 1199 181 1248 'cum
203 1209 422 1259 Welckem,
447 1210 738 1250 Anacreontem
763 1210 796 1249 si
815 1216 1017 1252 auctorem
1042 1223 1253 1264 ponamUS‚
1281 1211 1355 1251 sibi
1379 1212 1455 1265 ipsi
1475 1212 1638 1252 nimiam
1661 1213 1817 1253 laudem

91 1276 330 1328 impertiisse
355 1277 672 1318 existimaverim.
731 1277 996 1319 Nihilominus
1030 1292 1188 1319 carmen
1215 1278 1263 1318 ab
1289 1279 1537 1319 Anacreonte
1562 1281 1678 1332 plane
1702 1279 1817 1333 abju-

92 1343 303 1384 dicandum
346 1345 511 1385 videtur.
571 1345 750 1385 Primum
794 1347 897 1386 enim
943 1360 1043 1399 quae
1078 1346 1273 1386 columbis
1307 1358 1403 1386 usos
1438 1347 1559 1387 fuisse
1589 1352 1738 1388 veteres
1773 1346 1822 1388 ad

90 1411 276 1463 epistolas
301 1414 553 1465 perferendas
581 1418 733 1453 exstant
765 1415 962 1467 exempla,
1010 1419 1047 1454 et
1081 1415 1129 1454 ad
1170 1414 1294 1453 multo
1321 1414 1509 1454 seriorem
1535 1405 1700 1455 aetatem
1725 1427 1817 1467 per-

91 1478 215 1520 tinent
241 1485 279 1520 et
302 1481 511 1521 maximam
536 1486 689 1533 partem
716 1482 763 1522 ad
782 1482 983 1522 Romanos
1004 1484 1052 1522 cf.
1078 1482 1159 1522 Ael.
1174 1482 1215 1521 V.
1227 1481 1274 1521 H.
1300 1482 1364 1531 IX,
1390 1480 1429 1524 2.
1455 1482 1555 1522 Plin.
1577 1478 1819 1531 H.N.X,37.

94 1548 333 1588 Gravissima
370 1554 499 1589 autem
527 1562 668 1590 caussa
693 1548 733 1588 in
760 1563 806 1589 eo
833 1549 1028 1599 consistit,
1056 1549 1162 1602 quod
1185 1548 1360 1601 lepidum
1385 1550 1479 1590 illud
1504 1549 1726 1602 idylliorum
1752 1560 1818 1600 ge-

91 1628 167 1655 nus
183 1647 192 1664 ,
219 1616 268 1654 ad
293 1617 399 1667 quod
420 1617 497 1656 hoc
518 1630 677 1656 carmen
701 1617 892 1670 pertinet,
919 1617 968 1657 ab
996 1617 1096 1657 elato
1122 1617 1348 1669 fervidoque
1367 1617 1626 1657 Anacreontis
1650 1615 1821 1668 ingenio,

95 1696 117 1723 a
143 1683 263 1722 totius
289 1683 392 1723 illius
418 1684 555 1723 aetatis
581 1684 713 1724 indole
746 1685 863 1737 plane
898 1685 1086 1725 abhorret
1113 1697 1241 1736 neque
1266 1690 1356 1725 ante
1378 1684 1731 1724 Alexandrinorum
1755 1695 1822 1723 ae-

96 1755 215 1789 tatem
241 1740 372 1790 ullum
391 1752 475 1803 ejus
500 1752 710 1803 vestigium
736 1758 870 1793 exstat.
932 1753 1068 1804 Neque
1093 1752 1236 1791 desunt
1267 1753 1307 1792 in
1341 1752 1478 1791 odario
1504 1751 1644 1792 atticae
1669 1749 1823 1791 dialecti

96 1818 258 1869 vestigia
284 1819 331 1857 cf.
356 1831 392 1857 v.
419 1816 491 1859 11:
517 1817 707 1872 πέπρακε,
731 1832 767 1860 v.
794 1816 869 1860 14:
896 1818 1084 1867 διακονῶ,
1109 1832 1144 1858 v.
1169 1816 1242 1860 20:
1267 1822 1394 1871 μενῶ,
1421 1833 1457 1859 v.
1483 1816 1559 1860 22:
1586 1815 1675 1871 ὅρη,
1699 1813 1825 1858 ν.36;

98 1882 362 1937 λαλιστέρανὶς
396 1899 431 1925 v.
457 1884 506 1927 2:
551 1889 721 1926 πετᾶσαι
753 1900 835 1927 non
866 1901 887 1927 a
921 1886 1091 1938 vulgaris
1128 1887 1298 1927 Graecae
1328 1887 1483 1938 linguae
1516 1899 1592 1926 usu
1628 1885 1826 1933 abhorret,

96 1966 196 2005 quae
220 1959 259 1993 et
282 1951 460 2004 πέταμαι
484 1960 520 1994 et
545 1950 746 2004 πετάομαι
771 1955 999 2008 promiscue
1023 1954 1241 2007 usurpavit,
1267 1954 1337 1994 sed
1362 1954 1411 1994 ad
1434 1953 1642 2006 pristinam
1661 1957 1834 1993 aetatem*

26 2012 38 2050 Ῐ
98 2020 295 2072 pertinere
318 2033 400 2060 non
425 2021 578 2061 videtur
603 2022 650 2061 cf.
676 2021 776 2062 Lob.
802 2022 948 2074 Phryn.
974 2036 1014 2074 p.
1040 2018 1137 2061 581.
1195 2022 1254 2061 Ne
1279 2020 1453 2075 ἔρασμιή
1479 2020 1636 2074 quidem
1662 2018 1823 2071 antiquo

105 2087 347 2139 Graecorum
378 2088 469 2128 usui
504 2089 598 2129 satis
625 2090 825 2139 convenit,
853 2102 942 2129 cum
967 2089 1114 2142 ubique
1139 2084 1330 2140 ἐράσμιος
1354 2102 1427 2141 pro
1453 2087 1641 2128 feminino
1667 2099 1826 2139 quoque

101 2167 242 2206 genere
273 2155 438 2196 dicatur.
490 2153 666 2196 Ἄπελθε
699 2170 772 2209 pro
809 2154 916 2210 ἔρρε,
963 2154 1110 2209 ἄπερρε
1135 2156 1231 2210 poni
1255 2170 1277 2197 a
1307 2155 1524 2196 serioribus
1559 2153 1824 2206 grammaticis

100 2227 213 2262 acute
239 2222 459 2263 observavit
482 2224 626 2264 Mehlh.
652 2225 770 2264 Anth.
794 2224 864 2277 lyr.
890 2237 930 2276 p.
956 2220 1034 2263 83..
1052 2225 1272 2272 Quamnam
1298 2229 1428 2264 autem
1454 2227 1620 2264 aetatem
1655 2221 1830 2261 redoleat

106 2289 200 2329 illud
225 2287 304 2328 ἀπὸ
330 2294 466 2330 κοινοῦ
491 2305 526 2330 v.
551 2289 619 2341 22,
639 2292 723 2343 jam
749 2304 869 2344 supra
896 2291 1193 2344 disputavimus.

214 2357 390 2397 Alterum
418 2371 595 2408 carmen,
630 2360 737 2412 quod
772 2359 1060 2399 Anacreontem
1095 2359 1226 2410 ipsum
1261 2363 1415 2409 spectat
1438 2358 1488 2397 M.
1516 2353 1567 2406 α’,
1599 2355 1732 2396 Basilii
1751 2367 1828 2395 no-

102 2423 208 2463 mine
243 2424 486 2465 circumferri
517 2427 638 2475 solet,
690 2427 797 2479 quod
829 2427 905 2466 nisi
940 2425 1142 2479 sequentis
1169 2424 1291 2464 odarii
1318 2425 1449 2465 titulo:
1483 2426 1558 2463 τοῦ
1592 2421 1721 2463 αὐτοῦ
1741 2421 1832 2461 Βα-

100 2490 229 2529 σιλιόυ
264 2503 345 2531 non
382 2494 652 2534 confirmatur.
693 2494 952 2534 Anacreontis
985 2506 1066 2533 non
1092 2506 1180 2533 esse
1210 2504 1256 2532 ex
1288 2492 1376 2544 ipso
1413 2496 1645 2543 argumento
1681 2491 1832 2530 elucet:

99 2559 272 2599 somniat
303 2559 407 2599 enim
439 2566 556 2612 poeta
591 2561 824 2614 conspicere
858 2574 901 2601 se
924 2561 1212 2601 Anacreontem
1237 2571 1373 2598 senem
1410 2558 1458 2598 ab
1483 2559 1629 2598 Amore
1653 2558 1827 2605 ductum,

101 2638 218 2677 quem
244 2639 333 2665 cum
361 2627 563 2667 osculatus
588 2629 638 2667 sit
662 2628 710 2668 ab
729 2640 856 2681 eoque
882 2619 1072 2668 coronam
1089 2626 1297 2679 acceperit,
1323 2631 1526 2678 acceptam
1553 2625 1673 2678 capiti
1697 2625 1828 2676 impo-

99 2693 232 2741 suerit,
265 2699 458 2745 perpetuo
485 2707 527 2734 se
563 2708 698 2735 amore
730 2696 873 2747 urgeri.
923 2695 1061 2736 Basilii·
1092 2694 1207 2735 aetati
1242 2706 1337 2733 sane
1370 2693 1609 2732 conveniunt
1642 2696 1681 2731 et
1715 2688 1830 2743 ὄναρ,

101 2760 208 2811 quod
243 2760 291 2800 ad
323 2766 445 2801 totam
492 2758 729 2802 sententiam
764 2763 950 2816 pertinet,
986 2763 1120 2815 inepto
1164 2761 1254 2800 loco
1296 2760 1471 2813 positum
1507 2765 1546 2800 et
1577 2759 1833 2811 pleonasmus

101 2825 226 2879 λέγων
258 2832 493 2880 προσεῖπεν,
536 2841 614 2881 quo
647 2829 784 2870 Graeci
821 2831 975 2882 priores
1002 2835 1085 2868 tum
1118 2829 1275 2869 demum
1300 2832 1488 2875 utuntur,
1515 2826 1582 2866 ubi
1606 2824 1724 2865 verba
1748 2825 1835 2877 ipsa

98 2890 261 2933 'alterius
287 2895 522 2944 afferuntur:
563 2895 694 2935 statim
729 2896 935 2936 offendunt
968 2895 1084 2935 verba
1111 2891 1253 2942 ἐξελών
1284 2890 1485 2946 καρήνου,
1532 2905 1622 2932 cum
1647 2888 1835 2931 καθελὼν

101 2961 396 3012 exspectaveris,
439 2974 566 3014 neque
591 2962 799 3013 singularis
826 2975 1014 3003 numerus
1040 2962 1140 3014 epici
1172 2961 1351 3002 vocabuli
1376 2956 1532 3013 κάρηνα
1550 2959 1596 2999 ‘in
1622 2971 1698 2999 usu
1722 2958 1814 2998 sint.
