<?xml version="1.0" encoding="UTF-8"?>
<!DOCTYPE html PUBLIC "-//W3C//DTD XHTML 1.0 Transitional//EN"
    "http://www.w3.org/TR/xhtml1/DTD/xhtml1-transitional.dtd">
<html xmlns="http://www.w3.org/1999/xhtml" xml:lang="en" lang="en">
 <head>
  <title>
</title>
<meta http-equiv="Content-Type" content="text/html;charset=utf-8" />
  <meta name='ocr-system' content='tesseract 3.04.00' />
  <meta name='ocr-capabilities' content='ocr_page ocr_carea ocr_par ocr_line ocrx_word'/>
</head>
<body>
  <div class='ocr_page' id='page_1' title='image "./quaestionumanacr00staruoft_0032.png"; bbox 0 0 1910 3268; ppageno 0'>
   <div class='ocr_carea' id='block_1_1' title="bbox 88 248 1812 371">
    <p class='ocr_par' dir='ltr' id='par_1_1' title="bbox 88 248 1812 371">
     <span class='ocr_line' id='line_1_1' title="bbox 89 248 1811 307; baseline 0.002 -16"><span class='ocrx_word' id='word_1_1' title='bbox 89 251 357 291; x_wconf 86' lang='lat' dir='ltr'>distribuenda</span> <span class='ocrx_word' id='word_1_2' title='bbox 391 251 571 291; x_wconf 89' lang='lat' dir='ltr'>videntur</span> <span class='ocrx_word' id='word_1_3' title='bbox 605 250 800 298; x_wconf 89' lang='lat' dir='ltr'>carmina,</span> <span class='ocrx_word' id='word_1_4' title='bbox 837 254 1009 289; x_wconf 77' lang='lat' dir='ltr'>statuere</span> <span class='ocrx_word' id='word_1_5' title='bbox 1041 248 1186 290; x_wconf 79' lang='lat' dir='ltr'>licebit.</span> <span class='ocrx_word' id='word_1_6' title='bbox 1247 250 1385 303; x_wconf 84' lang='lat' dir='ltr'>Magna</span> <span class='ocrx_word' id='word_1_7' title='bbox 1420 257 1551 292; x_wconf 87' lang='lat' dir='ltr'>autem</span> <span class='ocrx_word' id='word_1_8' title='bbox 1585 260 1749 307; x_wconf 88' lang='lat' dir='ltr'>apparet</span> <span class='ocrx_word' id='word_1_9' title='bbox 1770 255 1811 294; x_wconf 87' lang='lat' dir='ltr'>in</span> 
     </span>
     <span class='ocr_line' id='line_1_2' title="bbox 88 315 1812 371; baseline 0.002 -12"><span class='ocrx_word' id='word_1_10' title='bbox 88 319 267 371; x_wconf 87' lang='lat' dir='ltr'>plurimis</span> <span class='ocrx_word' id='word_1_11' title='bbox 293 318 532 358; x_wconf 82' lang='lat' dir='ltr'>carminibus</span> <span class='ocrx_word' id='word_1_12' title='bbox 558 317 812 357; x_wconf 88' lang='lat' dir='ltr'>dialectorum</span> <span class='ocrx_word' id='word_1_13' title='bbox 838 315 1040 357; x_wconf 81' lang='lat' dir='ltr'>confusio:</span> <span class='ocrx_word' id='word_1_14' title='bbox 1065 316 1231 357; x_wconf 84' lang='lat' dir='ltr'>Doricae</span> <span class='ocrx_word' id='word_1_15' title='bbox 1254 317 1403 358; x_wconf 86' lang='lat' dir='ltr'>formae</span> <span class='ocrx_word' id='word_1_16' title='bbox 1427 318 1670 362; x_wconf 83' lang='lat' dir='ltr'>intermixtae</span> <span class='ocrx_word' id='word_1_17' title='bbox 1691 333 1812 362; x_wconf 91' lang='lat' dir='ltr'>usur-</span> 
     </span>
    </p>
   </div>
   <div class='ocr_carea' id='block_1_2' title="bbox 87 382 1842 441">
    <p class='ocr_par' dir='ltr' id='par_1_2' title="bbox 87 382 1842 441">
     <span class='ocr_line' id='line_1_3' title="bbox 87 382 1842 441; baseline 0.002 -16"><span class='ocrx_word' id='word_1_18' title='bbox 87 392 233 438; x_wconf 86' lang='lat' dir='ltr'>pantur</span> <span class='ocrx_word' id='word_1_19' title='bbox 252 385 391 425; x_wconf 87' lang='lat' dir='ltr'>ionicis</span> <span class='ocrx_word' id='word_1_20' title='bbox 418 385 502 424; x_wconf 88' lang='lat' dir='ltr'>sine</span> <span class='ocrx_word' id='word_1_21' title='bbox 526 384 603 424; x_wconf 88' lang='lat' dir='ltr'>ulla</span> <span class='ocrx_word' id='word_1_22' title='bbox 628 383 847 435; x_wconf 88' lang='lat' dir='ltr'>argumenti</span> <span class='ocrx_word' id='word_1_23' title='bbox 873 396 1034 434; x_wconf 80' lang='lat' dir='ltr'>caussa3</span> <span class='ocrx_word' id='word_1_24' title='bbox 1078 384 1194 436; x_wconf 89' lang='lat' dir='ltr'>plane</span> <span class='ocrx_word' id='word_1_25' title='bbox 1225 385 1364 425; x_wconf 90' lang='lat' dir='ltr'>atticae</span> <span class='ocrx_word' id='word_1_26' title='bbox 1387 386 1558 437; x_wconf 89' lang='lat' dir='ltr'>formae,</span> <span class='ocrx_word' id='word_1_27' title='bbox 1593 388 1688 441; x_wconf 92' lang='lat' dir='ltr'>quin</span> <span class='ocrx_word' id='word_1_28' title='bbox 1711 401 1813 441; x_wconf 86' lang='lat' dir='ltr'>quae</span> <span class='ocrx_word' id='word_1_29' title='bbox 1835 382 1842 386; x_wconf 41' lang='lat'><em>&#39;</em></span> 
     </span>
    </p>
   </div>
   <div class='ocr_carea' id='block_1_3' title="bbox 44 451 1813 2058">
    <p class='ocr_par' dir='ltr' id='par_1_3' title="bbox 44 451 1813 2058">
     <span class='ocr_line' id='line_1_4' title="bbox 89 451 1812 507; baseline 0.002 -15"><span class='ocrx_word' id='word_1_30' title='bbox 89 453 164 493; x_wconf 91' lang='lat' dir='ltr'>nisi</span> <span class='ocrx_word' id='word_1_31' title='bbox 199 453 348 492; x_wconf 87' lang='lat' dir='ltr'>seriore</span> <span class='ocrx_word' id='word_1_32' title='bbox 382 457 506 493; x_wconf 87' lang='lat' dir='ltr'>aetate</span> <span class='ocrx_word' id='word_1_33' title='bbox 540 464 620 490; x_wconf 89' lang='lat' dir='ltr'>non</span> <span class='ocrx_word' id='word_1_34' title='bbox 645 451 743 490; x_wconf 90' lang='lat' dir='ltr'>locis</span> <span class='ocrx_word' id='word_1_35' title='bbox 770 451 1102 503; x_wconf 82' lang='lat' dir='ltr'>comprobantur,</span> <span class='ocrx_word' id='word_1_36' title='bbox 1139 451 1188 491; x_wconf 92' lang='lat' dir='ltr'>ad</span> <span class='ocrx_word' id='word_1_37' title='bbox 1213 451 1344 504; x_wconf 89' lang='lat' dir='ltr'>epicas</span> <span class='ocrx_word' id='word_1_38' title='bbox 1370 453 1517 493; x_wconf 83' lang='lat' dir='ltr'>formas</span> <span class='ocrx_word' id='word_1_39' title='bbox 1542 459 1812 507; x_wconf 89' lang='lat' dir='ltr'>apponuntur.</span> 
     </span>
     <span class='ocr_line' id='line_1_5' title="bbox 87 507 1813 573; baseline 0.001 -12"><span class='ocrx_word' id='word_1_40' title='bbox 87 522 174 561; x_wconf 89' lang='lat' dir='ltr'>Jam</span> <span class='ocrx_word' id='word_1_41' title='bbox 208 521 341 573; x_wconf 90' lang='lat' dir='ltr'>priore</span> <span class='ocrx_word' id='word_1_42' title='bbox 374 524 498 559; x_wconf 85' lang='lat' dir='ltr'>aetate</span> <span class='ocrx_word' id='word_1_43' title='bbox 530 519 633 558; x_wconf 87' lang='lat' dir='ltr'>hanc</span> <span class='ocrx_word' id='word_1_44' title='bbox 669 518 942 558; x_wconf 82' lang='lat' dir='ltr'>confusionem</span> <span class='ocrx_word' id='word_1_45' title='bbox 977 519 1232 559; x_wconf 90' lang='lat' dir='ltr'>dialectorum</span> <span class='ocrx_word' id='word_1_46' title='bbox 1258 520 1466 560; x_wconf 81' lang='lat' dir='ltr'>offensioni</span> <span class='ocrx_word' id='word_1_47' title='bbox 1490 520 1612 561; x_wconf 82' lang='lat' dir='ltr'>fuisse</span> <span class='ocrx_word' id='word_1_48' title='bbox 1635 507 1813 571; x_wconf 55' lang='lat' dir='ltr'>constatss</span> 
     </span>
     <span class='ocr_line' id='line_1_6' title="bbox 88 585 1811 642; baseline 0.001 -13"><span class='ocrx_word' id='word_1_49' title='bbox 88 601 314 642; x_wconf 85' lang='lat' dir='ltr'>quanquam</span> <span class='ocrx_word' id='word_1_50' title='bbox 339 592 407 628; x_wconf 89' lang='lat' dir='ltr'>aut</span> <span class='ocrx_word' id='word_1_51' title='bbox 429 586 506 626; x_wconf 91' lang='lat' dir='ltr'>nisi</span> <span class='ocrx_word' id='word_1_52' title='bbox 529 586 737 626; x_wconf 86' lang='lat' dir='ltr'>manifesto</span> <span class='ocrx_word' id='word_1_53' title='bbox 774 585 850 630; x_wconf 90' lang='lat' dir='ltr'>sihi</span> <span class='ocrx_word' id='word_1_54' title='bbox 883 586 1142 639; x_wconf 84' lang='lat' dir='ltr'>repugnantia</span> <span class='ocrx_word' id='word_1_55' title='bbox 1176 598 1259 625; x_wconf 91' lang='lat' dir='ltr'>non</span> <span class='ocrx_word' id='word_1_56' title='bbox 1293 587 1533 627; x_wconf 82' lang='lat' dir='ltr'>notabantur</span> <span class='ocrx_word' id='word_1_57' title='bbox 1557 594 1624 629; x_wconf 90' lang='lat' dir='ltr'>aut</span> <span class='ocrx_word' id='word_1_58' title='bbox 1646 588 1688 629; x_wconf 90' lang='lat' dir='ltr'>in</span> <span class='ocrx_word' id='word_1_59' title='bbox 1713 602 1811 642; x_wconf 86' lang='lat' dir='ltr'>qua-</span> 
     </span>
     <span class='ocr_line' id='line_1_7' title="bbox 90 653 1811 708; baseline 0 -12"><span class='ocrx_word' id='word_1_60' title='bbox 90 669 245 708; x_wconf 88' lang='lat' dir='ltr'>cunque</span> <span class='ocrx_word' id='word_1_61' title='bbox 278 656 427 703; x_wconf 87' lang='lat' dir='ltr'>forma,</span> <span class='ocrx_word' id='word_1_62' title='bbox 464 666 564 707; x_wconf 88' lang='lat' dir='ltr'>quae</span> <span class='ocrx_word' id='word_1_63' title='bbox 597 653 656 693; x_wconf 89' lang='lat' dir='ltr'>vel</span> <span class='ocrx_word' id='word_1_64' title='bbox 690 653 974 705; x_wconf 87' lang='lat' dir='ltr'>aliquantulum</span> <span class='ocrx_word' id='word_1_65' title='bbox 1000 666 1021 693; x_wconf 94' lang='lat' dir='ltr'>a</span> <span class='ocrx_word' id='word_1_66' title='bbox 1051 653 1268 707; x_wconf 87' lang='lat' dir='ltr'>propositis</span> <span class='ocrx_word' id='word_1_67' title='bbox 1302 654 1455 694; x_wconf 86' lang='lat' dir='ltr'>ionicae</span> <span class='ocrx_word' id='word_1_68' title='bbox 1490 655 1643 696; x_wconf 84' lang='lat' dir='ltr'>dialecti</span> <span class='ocrx_word' id='word_1_69' title='bbox 1666 656 1811 708; x_wconf 86' lang='lat' dir='ltr'>regulis</span> 
     </span>
     <span class='ocr_line' id='line_1_8' title="bbox 89 720 1811 774; baseline 0.001 -11"><span class='ocrx_word' id='word_1_70' title='bbox 89 723 273 771; x_wconf 85' lang='lat' dir='ltr'>recessit,</span> <span class='ocrx_word' id='word_1_71' title='bbox 310 722 469 762; x_wconf 89' lang='lat' dir='ltr'>serioris</span> <span class='ocrx_word' id='word_1_72' title='bbox 502 721 638 762; x_wconf 89' lang='lat' dir='ltr'>aetatis</span> <span class='ocrx_word' id='word_1_73' title='bbox 663 720 825 772; x_wconf 85' lang='lat' dir='ltr'>vestigia</span> <span class='ocrx_word' id='word_1_74' title='bbox 850 721 1110 761; x_wconf 86' lang='lat' dir='ltr'>autumabant</span> <span class='ocrx_word' id='word_1_75' title='bbox 1141 721 1212 760; x_wconf 94' lang='lat' dir='ltr'>viri</span> <span class='ocrx_word' id='word_1_76' title='bbox 1249 721 1376 771; x_wconf 80' lang='lat' dir='ltr'>docti3</span> <span class='ocrx_word' id='word_1_77' title='bbox 1411 735 1532 774; x_wconf 89' lang='lat' dir='ltr'>quare</span> <span class='ocrx_word' id='word_1_78' title='bbox 1564 723 1606 763; x_wconf 91' lang='lat' dir='ltr'>in</span> <span class='ocrx_word' id='word_1_79' title='bbox 1637 722 1811 764; x_wconf 86' lang='lat' dir='ltr'>diversas</span> 
     </span>
     <span class='ocr_line' id='line_1_9' title="bbox 87 788 1812 843; baseline 0.001 -13"><span class='ocrx_word' id='word_1_80' title='bbox 87 795 219 843; x_wconf 89' lang='lat' dir='ltr'>partes</span> <span class='ocrx_word' id='word_1_81' title='bbox 253 789 435 830; x_wconf 89' lang='lat' dir='ltr'>abierunt</span> <span class='ocrx_word' id='word_1_82' title='bbox 464 789 490 829; x_wconf 90' lang='lat' dir='ltr'>ii</span> <span class='ocrx_word' id='word_1_83' title='bbox 523 789 590 841; x_wconf 89' lang='lat' dir='ltr'>qui</span> <span class='ocrx_word' id='word_1_84' title='bbox 623 788 820 828; x_wconf 86' lang='lat' dir='ltr'>vindicare</span> <span class='ocrx_word' id='word_1_85' title='bbox 852 788 1025 828; x_wconf 88' lang='lat' dir='ltr'>carmina</span> <span class='ocrx_word' id='word_1_86' title='bbox 1048 788 1286 828; x_wconf 79' lang='lat' dir='ltr'>Anacreonti</span> <span class='ocrx_word' id='word_1_87' title='bbox 1323 789 1635 841; x_wconf 88' lang='lat' dir='ltr'>pertinacissime</span> <span class='ocrx_word' id='word_1_88' title='bbox 1672 791 1812 831; x_wconf 88' lang='lat' dir='ltr'>studu-</span> 
     </span>
     <span class='ocr_line' id='line_1_10' title="bbox 87 855 1811 910; baseline 0.001 -13"><span class='ocrx_word' id='word_1_89' title='bbox 87 862 214 898; x_wconf 89' lang='lat' dir='ltr'>erunt.</span> <span class='ocrx_word' id='word_1_90' title='bbox 263 857 348 906; x_wconf 88' lang='lat' dir='ltr'>Alii,</span> <span class='ocrx_word' id='word_1_91' title='bbox 375 869 543 910; x_wconf 89' lang='lat' dir='ltr'>quorum</span> <span class='ocrx_word' id='word_1_92' title='bbox 562 856 746 908; x_wconf 91' lang='lat' dir='ltr'>princeps</span> <span class='ocrx_word' id='word_1_93' title='bbox 763 855 989 905; x_wconf 88' lang='lat' dir='ltr'>Barnesius,</span> <span class='ocrx_word' id='word_1_94' title='bbox 1017 855 1261 895; x_wconf 85' lang='lat' dir='ltr'>constantiae</span> <span class='ocrx_word' id='word_1_95' title='bbox 1277 856 1433 896; x_wconf 89' lang='lat' dir='ltr'>laudem</span> <span class='ocrx_word' id='word_1_96' title='bbox 1452 857 1621 897; x_wconf 88' lang='lat' dir='ltr'>assecuti</span> <span class='ocrx_word' id='word_1_97' title='bbox 1639 857 1811 910; x_wconf 91' lang='lat' dir='ltr'>quidem,</span> 
     </span>
     <span class='ocr_line' id='line_1_11' title="bbox 87 923 1811 977; baseline 0.001 -13"><span class='ocrx_word' id='word_1_98' title='bbox 87 937 187 977; x_wconf 90' lang='lat' dir='ltr'>quae</span> <span class='ocrx_word' id='word_1_99' title='bbox 210 937 431 977; x_wconf 89' lang='lat' dir='ltr'>repugnare</span> <span class='ocrx_word' id='word_1_100' title='bbox 454 923 685 963; x_wconf 88' lang='lat' dir='ltr'>videbantur</span> <span class='ocrx_word' id='word_1_101' title='bbox 708 923 861 963; x_wconf 88' lang='lat' dir='ltr'>ionicae</span> <span class='ocrx_word' id='word_1_102' title='bbox 885 923 1036 963; x_wconf 85' lang='lat' dir='ltr'>dialecti</span> <span class='ocrx_word' id='word_1_103' title='bbox 1061 923 1204 974; x_wconf 87' lang='lat' dir='ltr'>regulis</span> <span class='ocrx_word' id='word_1_104' title='bbox 1230 924 1485 972; x_wconf 90' lang='lat' dir='ltr'>sustulerunt,</span> <span class='ocrx_word' id='word_1_105' title='bbox 1512 924 1575 965; x_wconf 90' lang='lat' dir='ltr'>alii</span> <span class='ocrx_word' id='word_1_106' title='bbox 1597 925 1702 965; x_wconf 90' lang='lat' dir='ltr'>hanc</span> <span class='ocrx_word' id='word_1_107' title='bbox 1725 925 1811 966; x_wconf 88' lang='lat' dir='ltr'>dia-</span> 
     </span>
     <span class='ocr_line' id='line_1_12' title="bbox 86 989 1810 1044; baseline 0.001 -12"><span class='ocrx_word' id='word_1_108' title='bbox 86 993 279 1032; x_wconf 91' lang='lat' dir='ltr'>lectorum</span> <span class='ocrx_word' id='word_1_109' title='bbox 305 991 579 1032; x_wconf 88' lang='lat' dir='ltr'>confusionem</span> <span class='ocrx_word' id='word_1_110' title='bbox 603 990 769 1033; x_wconf 89' lang='lat' dir='ltr'>summis</span> <span class='ocrx_word' id='word_1_111' title='bbox 794 989 975 1029; x_wconf 87' lang='lat' dir='ltr'>laudibus</span> <span class='ocrx_word' id='word_1_112' title='bbox 1010 990 1242 1039; x_wconf 84' lang='lat' dir='ltr'>efferebant,</span> <span class='ocrx_word' id='word_1_113' title='bbox 1278 991 1358 1030; x_wconf 80' lang='lat' dir='ltr'>sere</span> <span class='ocrx_word' id='word_1_114' title='bbox 1381 991 1528 1044; x_wconf 91' lang='lat' dir='ltr'>ubique</span> <span class='ocrx_word' id='word_1_115' title='bbox 1551 993 1810 1034; x_wconf 88' lang='lat' dir='ltr'>ratiunculam</span> 
     </span>
     <span class='ocr_line' id='line_1_13' title="bbox 86 1056 1810 1112; baseline 0.001 -12"><span class='ocrx_word' id='word_1_116' title='bbox 86 1060 374 1112; x_wconf 85' lang='lat' dir='ltr'>excogitarunt,</span> <span class='ocrx_word' id='word_1_117' title='bbox 410 1072 487 1112; x_wconf 88' lang='lat' dir='ltr'>qua</span> <span class='ocrx_word' id='word_1_118' title='bbox 522 1071 593 1099; x_wconf 90' lang='lat' dir='ltr'>cur</span> <span class='ocrx_word' id='word_1_119' title='bbox 616 1058 757 1098; x_wconf 89' lang='lat' dir='ltr'>Dorice</span> <span class='ocrx_word' id='word_1_120' title='bbox 792 1062 859 1098; x_wconf 87' lang='lat' dir='ltr'>aut</span> <span class='ocrx_word' id='word_1_121' title='bbox 881 1056 1020 1096; x_wconf 85' lang='lat' dir='ltr'>Jonice</span> <span class='ocrx_word' id='word_1_122' title='bbox 1052 1057 1208 1097; x_wconf 89' lang='lat' dir='ltr'>locutus</span> <span class='ocrx_word' id='word_1_123' title='bbox 1234 1058 1286 1098; x_wconf 91' lang='lat' dir='ltr'>sit</span> <span class='ocrx_word' id='word_1_124' title='bbox 1307 1064 1443 1111; x_wconf 91' lang='lat' dir='ltr'>poeta,</span> <span class='ocrx_word' id='word_1_125' title='bbox 1471 1059 1810 1112; x_wconf 87' lang='lat' dir='ltr'>comprobaretur.</span> 
     </span>
     <span class='ocr_line' id='line_1_14' title="bbox 86 1124 1812 1179; baseline 0.001 -12"><span class='ocrx_word' id='word_1_126' title='bbox 86 1129 175 1167; x_wconf 88' lang='lat' dir='ltr'>Non</span> <span class='ocrx_word' id='word_1_127' title='bbox 210 1128 320 1167; x_wconf 86' lang='lat' dir='ltr'>facile</span> <span class='ocrx_word' id='word_1_128' title='bbox 344 1127 432 1179; x_wconf 90' lang='lat' dir='ltr'>plus</span> <span class='ocrx_word' id='word_1_129' title='bbox 458 1126 714 1178; x_wconf 88' lang='lat' dir='ltr'>ineptiarum,</span> <span class='ocrx_word' id='word_1_130' title='bbox 746 1125 853 1177; x_wconf 90' lang='lat' dir='ltr'>quod</span> <span class='ocrx_word' id='word_1_131' title='bbox 878 1124 927 1163; x_wconf 90' lang='lat' dir='ltr'>ad</span> <span class='ocrx_word' id='word_1_132' title='bbox 951 1124 1136 1165; x_wconf 88' lang='lat' dir='ltr'>dialectos</span> <span class='ocrx_word' id='word_1_133' title='bbox 1162 1125 1319 1175; x_wconf 83' lang='lat' dir='ltr'>attinet,</span> <span class='ocrx_word' id='word_1_134' title='bbox 1357 1127 1431 1166; x_wconf 88' lang='lat' dir='ltr'>alio</span> <span class='ocrx_word' id='word_1_135' title='bbox 1465 1126 1554 1166; x_wconf 93' lang='lat' dir='ltr'>loco</span> <span class='ocrx_word' id='word_1_136' title='bbox 1581 1133 1812 1179; x_wconf 86' lang='lat' dir='ltr'>congestum</span> 
     </span>
     <span class='ocr_line' id='line_1_15' title="bbox 86 1191 1812 1248; baseline 0.001 -13"><span class='ocrx_word' id='word_1_137' title='bbox 86 1196 259 1235; x_wconf 88' lang='lat' dir='ltr'>invenies</span> <span class='ocrx_word' id='word_1_138' title='bbox 285 1208 402 1248; x_wconf 89' lang='lat' dir='ltr'>quam</span> <span class='ocrx_word' id='word_1_139' title='bbox 428 1193 468 1233; x_wconf 92' lang='lat' dir='ltr'>in</span> <span class='ocrx_word' id='word_1_140' title='bbox 486 1193 639 1233; x_wconf 87' lang='lat' dir='ltr'>Baxteri</span> <span class='ocrx_word' id='word_1_141' title='bbox 664 1191 999 1241; x_wconf 80' lang='lat' dir='ltr'>annotationibus,</span> <span class='ocrx_word' id='word_1_142' title='bbox 1026 1191 1169 1244; x_wconf 91' lang='lat' dir='ltr'>quibus</span> <span class='ocrx_word' id='word_1_143' title='bbox 1188 1192 1399 1233; x_wconf 87' lang='lat' dir='ltr'>Fischerus</span> <span class='ocrx_word' id='word_1_144' title='bbox 1424 1193 1465 1232; x_wconf 91' lang='lat' dir='ltr'>in</span> <span class='ocrx_word' id='word_1_145' title='bbox 1489 1194 1617 1246; x_wconf 91' lang='lat' dir='ltr'>prima</span> <span class='ocrx_word' id='word_1_146' title='bbox 1641 1195 1812 1235; x_wconf 91' lang='lat' dir='ltr'>editione</span> 
     </span>
     <span class='ocr_line' id='line_1_16' title="bbox 89 1255 1810 1312; baseline 0.001 -9"><span class='ocrx_word' id='word_1_147' title='bbox 89 1264 250 1304; x_wconf 89' lang='lat' dir='ltr'>omnino</span> <span class='ocrx_word' id='word_1_148' title='bbox 287 1261 458 1302; x_wconf 87' lang='lat' dir='ltr'>assensit</span> <span class='ocrx_word' id='word_1_149' title='bbox 491 1262 539 1300; x_wconf 88' lang='lat' dir='ltr'>cf.</span> <span class='ocrx_word' id='word_1_150' title='bbox 566 1260 730 1299; x_wconf 87' lang='lat' dir='ltr'>Fischer</span> <span class='ocrx_word' id='word_1_151' title='bbox 754 1260 814 1300; x_wconf 90' lang='lat' dir='ltr'>ed.</span> <span class='ocrx_word' id='word_1_152' title='bbox 842 1259 872 1308; x_wconf 88' lang='lat' dir='ltr'>I,</span> <span class='ocrx_word' id='word_1_153' title='bbox 897 1272 938 1312; x_wconf 90' lang='lat' dir='ltr'>p.</span> <span class='ocrx_word' id='word_1_154' title='bbox 964 1255 1005 1299; x_wconf 85' lang='lat'>5.</span> <span class='ocrx_word' id='word_1_155' title='bbox 1030 1272 1070 1311; x_wconf 87' lang='lat' dir='ltr'>p.</span> <span class='ocrx_word' id='word_1_156' title='bbox 1095 1255 1163 1298; x_wconf 86' lang='lat'>30.</span> <span class='ocrx_word' id='word_1_157' title='bbox 1190 1256 1257 1299; x_wconf 87' lang='lat'>39.</span> <span class='ocrx_word' id='word_1_158' title='bbox 1285 1257 1353 1300; x_wconf 80' lang='lat'>66.</span> <span class='ocrx_word' id='word_1_159' title='bbox 1412 1261 1502 1301; x_wconf 93' lang='lat' dir='ltr'>Non</span> <span class='ocrx_word' id='word_1_160' title='bbox 1536 1262 1699 1304; x_wconf 89' lang='lat' dir='ltr'>meliora</span> <span class='ocrx_word' id='word_1_161' title='bbox 1723 1263 1810 1304; x_wconf 83' lang='lat' dir='ltr'>istis</span> 
     </span>
     <span class='ocr_line' id='line_1_17' title="bbox 86 1326 1810 1382; baseline 0.001 -12"><span class='ocrx_word' id='word_1_162' title='bbox 86 1331 177 1370; x_wconf 89' lang='lat' dir='ltr'>viris</span> <span class='ocrx_word' id='word_1_163' title='bbox 203 1330 329 1370; x_wconf 89' lang='lat' dir='ltr'>doctis</span> <span class='ocrx_word' id='word_1_164' title='bbox 356 1341 556 1382; x_wconf 91' lang='lat' dir='ltr'>opponam</span> <span class='ocrx_word' id='word_1_165' title='bbox 582 1341 700 1380; x_wconf 88' lang='lat' dir='ltr'>quam</span> <span class='ocrx_word' id='word_1_166' title='bbox 727 1340 826 1380; x_wconf 90' lang='lat' dir='ltr'>quae</span> <span class='ocrx_word' id='word_1_167' title='bbox 850 1340 872 1367; x_wconf 91' lang='lat' dir='ltr'>a</span> <span class='ocrx_word' id='word_1_168' title='bbox 899 1327 1053 1367; x_wconf 88' lang='lat' dir='ltr'>Graefio</span> <span class='ocrx_word' id='word_1_169' title='bbox 1083 1327 1124 1367; x_wconf 92' lang='lat' dir='ltr'>in</span> <span class='ocrx_word' id='word_1_170' title='bbox 1149 1326 1276 1367; x_wconf 89' lang='lat' dir='ltr'>Praef.</span> <span class='ocrx_word' id='word_1_171' title='bbox 1303 1327 1463 1379; x_wconf 88' lang='lat' dir='ltr'>Meleag.</span> <span class='ocrx_word' id='word_1_172' title='bbox 1489 1329 1563 1381; x_wconf 88' lang='lat' dir='ltr'>Ep.</span> <span class='ocrx_word' id='word_1_173' title='bbox 1589 1343 1628 1382; x_wconf 90' lang='lat' dir='ltr'>p.</span> <span class='ocrx_word' id='word_1_174' title='bbox 1655 1326 1682 1370; x_wconf 83' lang='lat'>5</span> <span class='ocrx_word' id='word_1_175' title='bbox 1707 1330 1810 1371; x_wconf 89' lang='lat' dir='ltr'>dicta</span> 
     </span>
     <span class='ocr_line' id='line_1_18' title="bbox 44 1394 1810 1450; baseline -0.001 -11"><span class='ocrx_word' id='word_1_176' title='bbox 44 1405 49 1409; x_wconf 85' lang='grc'><em>“</em></span> <span class='ocrx_word' id='word_1_177' title='bbox 86 1404 199 1439; x_wconf 89' lang='lat' dir='ltr'>sunt:</span> <span class='ocrx_word' id='word_1_178' title='bbox 226 1397 448 1450; x_wconf 87' lang='lat' dir='ltr'>„quidquid</span> <span class='ocrx_word' id='word_1_179' title='bbox 473 1396 576 1435; x_wconf 89' lang='lat' dir='ltr'>enim</span> <span class='ocrx_word' id='word_1_180' title='bbox 603 1395 772 1436; x_wconf 90' lang='lat' dir='ltr'>clament</span> <span class='ocrx_word' id='word_1_181' title='bbox 805 1394 964 1447; x_wconf 86' lang='lat' dir='ltr'>quidam</span> <span class='ocrx_word' id='word_1_182' title='bbox 996 1407 1137 1447; x_wconf 91' lang='lat' dir='ltr'>parum</span> <span class='ocrx_word' id='word_1_183' title='bbox 1172 1394 1304 1434; x_wconf 91' lang='lat' dir='ltr'>idonei</span> <span class='ocrx_word' id='word_1_184' title='bbox 1337 1395 1477 1436; x_wconf 89' lang='lat' dir='ltr'>harum</span> <span class='ocrx_word' id='word_1_185' title='bbox 1501 1408 1635 1437; x_wconf 89' lang='lat' dir='ltr'>rerum</span> <span class='ocrx_word' id='word_1_186' title='bbox 1654 1397 1810 1450; x_wconf 89' lang='lat' dir='ltr'>judices</span> 
     </span>
     <span class='ocr_line' id='line_1_19' title="bbox 86 1461 1812 1514; baseline 0 -8"><span class='ocrx_word' id='word_1_187' title='bbox 86 1466 169 1514; x_wconf 82' lang='lat' dir='ltr'>„ad</span> <span class='ocrx_word' id='word_1_188' title='bbox 195 1465 478 1505; x_wconf 81' lang='lat' dir='ltr'>defendendam</span> <span class='ocrx_word' id='word_1_189' title='bbox 513 1464 617 1504; x_wconf 89' lang='lat' dir='ltr'>illam</span> <span class='ocrx_word' id='word_1_190' title='bbox 644 1462 899 1502; x_wconf 86' lang='lat' dir='ltr'>dialectorum</span> <span class='ocrx_word' id='word_1_191' title='bbox 934 1461 1232 1510; x_wconf 86' lang='lat' dir='ltr'>confusionem,</span> <span class='ocrx_word' id='word_1_192' title='bbox 1268 1475 1368 1514; x_wconf 88' lang='lat' dir='ltr'>quae</span> <span class='ocrx_word' id='word_1_193' title='bbox 1402 1462 1550 1514; x_wconf 90' lang='lat' dir='ltr'>ubique</span> <span class='ocrx_word' id='word_1_194' title='bbox 1583 1469 1663 1504; x_wconf 90' lang='lat' dir='ltr'>tam</span> <span class='ocrx_word' id='word_1_195' title='bbox 1698 1465 1812 1506; x_wconf 79' lang='lat' dir='ltr'>foede</span> 
     </span>
     <span class='ocr_line' id='line_1_20' title="bbox 85 1529 1809 1585; baseline 0 -13"><span class='ocrx_word' id='word_1_196' title='bbox 85 1538 339 1585; x_wconf 85' lang='lat' dir='ltr'>„grassatur,</span> <span class='ocrx_word' id='word_1_197' title='bbox 375 1544 579 1584; x_wconf 89' lang='lat' dir='ltr'>nunquam</span> <span class='ocrx_word' id='word_1_198' title='bbox 614 1529 876 1570; x_wconf 85' lang='lat' dir='ltr'>demonstrari</span> <span class='ocrx_word' id='word_1_199' title='bbox 911 1534 1052 1581; x_wconf 89' lang='lat' dir='ltr'>putent</span> <span class='ocrx_word' id='word_1_200' title='bbox 1081 1529 1233 1568; x_wconf 87' lang='lat' dir='ltr'>homini</span> <span class='ocrx_word' id='word_1_201' title='bbox 1256 1529 1388 1581; x_wconf 90' lang='lat' dir='ltr'>paullo</span> <span class='ocrx_word' id='word_1_202' title='bbox 1414 1530 1627 1571; x_wconf 90' lang='lat' dir='ltr'>cordatiori</span> <span class='ocrx_word' id='word_1_203' title='bbox 1650 1537 1809 1584; x_wconf 86' lang='lat' dir='ltr'>poetam</span> 
     </span>
     <span class='ocr_line' id='line_1_21' title="bbox 84 1595 1809 1653; baseline -0.001 -13"><span class='ocrx_word' id='word_1_204' title='bbox 84 1595 193 1649; x_wconf 78' lang='lat' dir='ltr'>„nisi</span> <span class='ocrx_word' id='word_1_205' title='bbox 216 1600 434 1653; x_wconf 87' lang='lat' dir='ltr'>pessimum</span> <span class='ocrx_word' id='word_1_206' title='bbox 466 1600 506 1639; x_wconf 91' lang='lat' dir='ltr'>in</span> <span class='ocrx_word' id='word_1_207' title='bbox 531 1611 612 1639; x_wconf 93' lang='lat' dir='ltr'>uno</span> <span class='ocrx_word' id='word_1_208' title='bbox 647 1597 843 1646; x_wconf 82' lang='lat' dir='ltr'>carmine,</span> <span class='ocrx_word' id='word_1_209' title='bbox 878 1609 959 1639; x_wconf 92' lang='lat' dir='ltr'>uno</span> <span class='ocrx_word' id='word_1_210' title='bbox 995 1601 1132 1636; x_wconf 90' lang='lat' dir='ltr'>tenore</span> <span class='ocrx_word' id='word_1_211' title='bbox 1166 1596 1366 1636; x_wconf 88' lang='lat' dir='ltr'>recitando</span> <span class='ocrx_word' id='word_1_212' title='bbox 1391 1609 1499 1636; x_wconf 89' lang='lat' dir='ltr'>nunc</span> <span class='ocrx_word' id='word_1_213' title='bbox 1522 1610 1621 1650; x_wconf 93' lang='lat' dir='ltr'>pure</span> <span class='ocrx_word' id='word_1_214' title='bbox 1654 1598 1809 1640; x_wconf 88' lang='lat' dir='ltr'>doricas</span> 
     </span>
     <span class='ocr_line' id='line_1_22' title="bbox 84 1663 1807 1719; baseline -0.001 -11"><span class='ocrx_word' id='word_1_215' title='bbox 84 1701 106 1717; x_wconf 82' lang='lat'><em>„</em></span> <span class='ocrx_word' id='word_1_216' title='bbox 118 1681 225 1709; x_wconf 90' lang='lat' dir='ltr'>nunc</span> <span class='ocrx_word' id='word_1_217' title='bbox 236 1668 387 1707; x_wconf 90' lang='lat' dir='ltr'>ionicas</span> <span class='ocrx_word' id='word_1_218' title='bbox 412 1668 559 1707; x_wconf 83' lang='lat' dir='ltr'>formas</span> <span class='ocrx_word' id='word_1_219' title='bbox 584 1671 628 1706; x_wconf 90' lang='lat' dir='ltr'>ut</span> <span class='ocrx_word' id='word_1_220' title='bbox 638 1678 815 1718; x_wconf 88' lang='lat' dir='ltr'>quaeque</span> <span class='ocrx_word' id='word_1_221' title='bbox 826 1665 866 1704; x_wconf 91' lang='lat' dir='ltr'>in</span> <span class='ocrx_word' id='word_1_222' title='bbox 878 1664 1045 1704; x_wconf 89' lang='lat' dir='ltr'>buccam</span> <span class='ocrx_word' id='word_1_223' title='bbox 1058 1663 1235 1703; x_wconf 89' lang='lat' dir='ltr'>venerint</span> <span class='ocrx_word' id='word_1_224' title='bbox 1244 1663 1328 1703; x_wconf 89' lang='lat' dir='ltr'>sine</span> <span class='ocrx_word' id='word_1_225' title='bbox 1341 1665 1449 1704; x_wconf 91' lang='lat' dir='ltr'>omni</span> <span class='ocrx_word' id='word_1_226' title='bbox 1462 1665 1626 1705; x_wconf 88' lang='lat' dir='ltr'>dialecto</span> <span class='ocrx_word' id='word_1_227' title='bbox 1639 1666 1807 1719; x_wconf 87' lang='lat' dir='ltr'>conjun-</span> 
     </span>
     <span class='ocr_line' id='line_1_23' title="bbox 84 1730 1806 1788; baseline -0.001 -13"><span class='ocrx_word' id='word_1_228' title='bbox 84 1748 208 1787; x_wconf 88' lang='lat' dir='ltr'>„gere</span> <span class='ocrx_word' id='word_1_229' title='bbox 232 1735 424 1788; x_wconf 88' lang='lat' dir='ltr'>potuisse.</span> <span class='ocrx_word' id='word_1_230' title='bbox 484 1734 563 1773; x_wconf 90' lang='lat' dir='ltr'>Cur</span> <span class='ocrx_word' id='word_1_231' title='bbox 587 1733 745 1772; x_wconf 89' lang='lat' dir='ltr'>demum</span> <span class='ocrx_word' id='word_1_232' title='bbox 781 1731 941 1784; x_wconf 88' lang='lat' dir='ltr'>antiqui,</span> <span class='ocrx_word' id='word_1_233' title='bbox 972 1731 1038 1783; x_wconf 94' lang='lat' dir='ltr'>qui</span> <span class='ocrx_word' id='word_1_234' title='bbox 1059 1730 1372 1783; x_wconf 84' lang='lat' dir='ltr'>aequabilitatem</span> <span class='ocrx_word' id='word_1_235' title='bbox 1396 1732 1436 1772; x_wconf 91' lang='lat' dir='ltr'>in</span> <span class='ocrx_word' id='word_1_236' title='bbox 1463 1732 1648 1773; x_wconf 90' lang='lat' dir='ltr'>omnibus</span> <span class='ocrx_word' id='word_1_237' title='bbox 1673 1738 1806 1774; x_wconf 87' lang='lat' dir='ltr'>tanto-</span> 
     </span>
     <span class='ocr_line' id='line_1_24' title="bbox 84 1797 1809 1856; baseline -0.001 -13"><span class='ocrx_word' id='word_1_238' title='bbox 84 1816 209 1856; x_wconf 90' lang='lat' dir='ltr'>„pere</span> <span class='ocrx_word' id='word_1_239' title='bbox 230 1807 428 1851; x_wconf 88' lang='lat' dir='ltr'>amarunt,</span> <span class='ocrx_word' id='word_1_240' title='bbox 463 1801 528 1840; x_wconf 93' lang='lat' dir='ltr'>hic</span> <span class='ocrx_word' id='word_1_241' title='bbox 552 1806 632 1840; x_wconf 89' lang='lat' dir='ltr'>tam</span> <span class='ocrx_word' id='word_1_242' title='bbox 657 1800 824 1852; x_wconf 86' lang='lat' dir='ltr'>turpiter</span> <span class='ocrx_word' id='word_1_243' title='bbox 848 1810 986 1838; x_wconf 92' lang='lat' dir='ltr'>omnes</span> <span class='ocrx_word' id='word_1_244' title='bbox 1013 1797 1096 1850; x_wconf 89' lang='lat' dir='ltr'>ejus</span> <span class='ocrx_word' id='word_1_245' title='bbox 1122 1797 1227 1848; x_wconf 89' lang='lat' dir='ltr'>leges</span> <span class='ocrx_word' id='word_1_246' title='bbox 1254 1799 1444 1850; x_wconf 84' lang='lat' dir='ltr'>migrasse</span> <span class='ocrx_word' id='word_1_247' title='bbox 1479 1800 1665 1840; x_wconf 90' lang='lat' dir='ltr'>censendi</span> <span class='ocrx_word' id='word_1_248' title='bbox 1697 1800 1809 1842; x_wconf 79' lang='lat' dir='ltr'>sint?</span> 
     </span>
     <span class='ocr_line' id='line_1_25' title="bbox 83 1865 1808 1920; baseline -0.001 -10"><span class='ocrx_word' id='word_1_249' title='bbox 83 1871 195 1919; x_wconf 85' lang='lat' dir='ltr'>„Qui</span> <span class='ocrx_word' id='word_1_250' title='bbox 227 1870 267 1910; x_wconf 92' lang='lat' dir='ltr'>in</span> <span class='ocrx_word' id='word_1_251' title='bbox 303 1870 364 1909; x_wconf 91' lang='lat' dir='ltr'>his</span> <span class='ocrx_word' id='word_1_252' title='bbox 398 1869 447 1910; x_wconf 89' lang='lat' dir='ltr'>ad</span> <span class='ocrx_word' id='word_1_253' title='bbox 482 1868 635 1909; x_wconf 90' lang='lat' dir='ltr'>aurium</span> <span class='ocrx_word' id='word_1_254' title='bbox 666 1866 860 1920; x_wconf 85' lang='lat' dir='ltr'>judicium</span> <span class='ocrx_word' id='word_1_255' title='bbox 877 1870 1109 1918; x_wconf 67' lang='lat' dir='ltr'>provocant</span> <span class='ocrx_word' id='word_1_256' title='bbox 1143 1865 1256 1917; x_wconf 86' lang='lat' dir='ltr'>quasi</span> <span class='ocrx_word' id='word_1_257' title='bbox 1281 1866 1471 1918; x_wconf 88' lang='lat' dir='ltr'>quaedam</span> <span class='ocrx_word' id='word_1_258' title='bbox 1496 1867 1646 1908; x_wconf 80' lang='lat' dir='ltr'>formae</span> <span class='ocrx_word' id='word_1_259' title='bbox 1670 1873 1808 1909; x_wconf 89' lang='lat' dir='ltr'>contra</span> 
     </span>
     <span class='ocr_line' id='line_1_26' title="bbox 83 1931 1805 1990; baseline -0.001 -12"><span class='ocrx_word' id='word_1_260' title='bbox 83 1940 313 1990; x_wconf 82' lang='lat' dir='ltr'>„vulgarem</span> <span class='ocrx_word' id='word_1_261' title='bbox 349 1937 557 1977; x_wconf 89' lang='lat' dir='ltr'>dialectum</span> <span class='ocrx_word' id='word_1_262' title='bbox 592 1935 750 1976; x_wconf 88' lang='lat' dir='ltr'>suavius</span> <span class='ocrx_word' id='word_1_263' title='bbox 785 1933 1041 1981; x_wconf 85' lang='lat' dir='ltr'>accidissent,</span> <span class='ocrx_word' id='word_1_264' title='bbox 1077 1931 1235 1971; x_wconf 87' lang='lat' dir='ltr'>sibimet</span> <span class='ocrx_word' id='word_1_265' title='bbox 1271 1932 1347 1989; x_wconf 89' lang='lat' dir='ltr'>ipsi</span> <span class='ocrx_word' id='word_1_266' title='bbox 1371 1945 1591 1985; x_wconf 88' lang='lat' dir='ltr'>repugnare</span> <span class='ocrx_word' id='word_1_267' title='bbox 1614 1935 1805 1984; x_wconf 89' lang='lat' dir='ltr'>videntur,</span> 
     </span>
     <span class='ocr_line' id='line_1_27' title="bbox 82 1999 1806 2058; baseline -0.002 -11"><span class='ocrx_word' id='word_1_268' title='bbox 82 2020 196 2056; x_wconf 88' lang='lat' dir='ltr'>„non</span> <span class='ocrx_word' id='word_1_269' title='bbox 221 2010 447 2058; x_wconf 87' lang='lat' dir='ltr'>reputantes</span> <span class='ocrx_word' id='word_1_270' title='bbox 473 2004 513 2044; x_wconf 90' lang='lat' dir='ltr'>in</span> <span class='ocrx_word' id='word_1_271' title='bbox 538 2002 815 2043; x_wconf 85' lang='lat' dir='ltr'>commixtione</span> <span class='ocrx_word' id='word_1_272' title='bbox 838 2013 971 2040; x_wconf 90' lang='lat' dir='ltr'>rerum</span> <span class='ocrx_word' id='word_1_273' title='bbox 996 1999 1236 2039; x_wconf 89' lang='lat' dir='ltr'>diversarum</span> <span class='ocrx_word' id='word_1_274' title='bbox 1261 2005 1299 2039; x_wconf 91' lang='lat' dir='ltr'>et</span> <span class='ocrx_word' id='word_1_275' title='bbox 1323 2013 1345 2040; x_wconf 91' lang='lat' dir='ltr'>a</span> <span class='ocrx_word' id='word_1_276' title='bbox 1368 2013 1410 2040; x_wconf 87' lang='lat' dir='ltr'>se</span> <span class='ocrx_word' id='word_1_277' title='bbox 1436 2000 1650 2042; x_wconf 88' lang='lat' dir='ltr'>alienarum</span> <span class='ocrx_word' id='word_1_278' title='bbox 1675 2002 1806 2043; x_wconf 88' lang='lat' dir='ltr'>suavi-</span> 
     </span>
    </p>
   </div>
   <div class='ocr_carea' id='block_1_4' title="bbox 80 2067 1823 2123">
    <p class='ocr_par' dir='ltr' id='par_1_4' title="bbox 80 2067 1823 2123">
     <span class='ocr_line' id='line_1_28' title="bbox 80 2067 1823 2123; baseline -0.003 -8"><span class='ocrx_word' id='word_1_279' title='bbox 80 2080 233 2122; x_wconf 80' lang='lat' dir='ltr'>„tatem</span> <span class='ocrx_word' id='word_1_280' title='bbox 257 2074 387 2113; x_wconf 90' lang='lat' dir='ltr'>inesse</span> <span class='ocrx_word' id='word_1_281' title='bbox 410 2085 492 2112; x_wconf 90' lang='lat' dir='ltr'>non</span> <span class='ocrx_word' id='word_1_282' title='bbox 516 2083 650 2123; x_wconf 92' lang='lat' dir='ltr'>posse.</span> <span class='ocrx_word' id='word_1_283' title='bbox 676 2092 732 2099; x_wconf 64' lang='grc'>»-</span> <span class='ocrx_word' id='word_1_284' title='bbox 766 2069 892 2120; x_wconf 83' lang='lat' dir='ltr'>Atque</span> <span class='ocrx_word' id='word_1_285' title='bbox 916 2069 1015 2108; x_wconf 91' lang='lat' dir='ltr'>haec</span> <span class='ocrx_word' id='word_1_286' title='bbox 1050 2067 1306 2107; x_wconf 83' lang='lat' dir='ltr'>dialectorum</span> <span class='ocrx_word' id='word_1_287' title='bbox 1340 2067 1520 2108; x_wconf 83' lang='lat' dir='ltr'>confusio</span> <span class='ocrx_word' id='word_1_288' title='bbox 1554 2068 1610 2109; x_wconf 91' lang='lat' dir='ltr'>ibi</span> <span class='ocrx_word' id='word_1_289' title='bbox 1640 2069 1823 2122; x_wconf 83' lang='lat' dir='ltr'>potissi-·</span> 
     </span>
    </p>
   </div>
   <div class='ocr_carea' id='block_1_5' title="bbox 77 2134 1806 2999">
    <p class='ocr_par' dir='ltr' id='par_1_5' title="bbox 77 2134 1806 2999">
     <span class='ocr_line' id='line_1_29' title="bbox 81 2134 1804 2192; baseline -0.002 -11"><span class='ocrx_word' id='word_1_290' title='bbox 81 2155 224 2190; x_wconf 82' lang='lat' dir='ltr'>„mum</span> <span class='ocrx_word' id='word_1_291' title='bbox 249 2141 400 2192; x_wconf 89' lang='lat' dir='ltr'>ingrata</span> <span class='ocrx_word' id='word_1_292' title='bbox 425 2144 496 2187; x_wconf 88' lang='lat' dir='ltr'>est,</span> <span class='ocrx_word' id='word_1_293' title='bbox 522 2138 590 2178; x_wconf 93' lang='lat' dir='ltr'>ubi</span> <span class='ocrx_word' id='word_1_294' title='bbox 615 2137 795 2178; x_wconf 87' lang='lat' dir='ltr'>breviora</span> <span class='ocrx_word' id='word_1_295' title='bbox 821 2135 1015 2184; x_wconf 88' lang='lat' dir='ltr'>carmina,</span> <span class='ocrx_word' id='word_1_296' title='bbox 1042 2134 1185 2188; x_wconf 88' lang='lat' dir='ltr'>quibus</span> <span class='ocrx_word' id='word_1_297' title='bbox 1211 2147 1365 2175; x_wconf 90' lang='lat' dir='ltr'>summa</span> <span class='ocrx_word' id='word_1_298' title='bbox 1393 2135 1638 2176; x_wconf 88' lang='lat' dir='ltr'>concinnitas</span> <span class='ocrx_word' id='word_1_299' title='bbox 1662 2137 1804 2178; x_wconf 90' lang='lat' dir='ltr'>merito</span> 
     </span>
     <span class='ocr_line' id='line_1_30' title="bbox 81 2202 1805 2259; baseline -0.002 -11"><span class='ocrx_word' id='word_1_300' title='bbox 81 2209 301 2257; x_wconf 82' lang='lat' dir='ltr'>„debetur,</span> <span class='ocrx_word' id='word_1_301' title='bbox 338 2206 600 2259; x_wconf 88' lang='lat' dir='ltr'>discrepantia</span> <span class='ocrx_word' id='word_1_302' title='bbox 632 2218 704 2246; x_wconf 89' lang='lat' dir='ltr'>sua</span> <span class='ocrx_word' id='word_1_303' title='bbox 735 2203 983 2256; x_wconf 86' lang='lat' dir='ltr'>occupavit.“</span> <span class='ocrx_word' id='word_1_304' title='bbox 1007 2224 1064 2231; x_wconf 93' lang='grc'>--</span> <span class='ocrx_word' id='word_1_305' title='bbox 1099 2202 1198 2241; x_wconf 87' lang='lat' dir='ltr'>Tres</span> <span class='ocrx_word' id='word_1_306' title='bbox 1223 2202 1476 2254; x_wconf 87' lang='lat' dir='ltr'>potissimum</span> <span class='ocrx_word' id='word_1_307' title='bbox 1502 2215 1663 2244; x_wconf 89' lang='lat' dir='ltr'>caussas</span> <span class='ocrx_word' id='word_1_308' title='bbox 1686 2203 1805 2257; x_wconf 73' lang='lat' dir='ltr'>huJus</span> 
     </span>
     <span class='ocr_line' id='line_1_31' title="bbox 80 2269 1804 2323; baseline -0.002 -8"><span class='ocrx_word' id='word_1_309' title='bbox 80 2276 335 2317; x_wconf 80' lang='lat' dir='ltr'>‹lialectorum</span> <span class='ocrx_word' id='word_1_310' title='bbox 362 2274 606 2314; x_wconf 81' lang='lat' dir='ltr'>confusionis</span> <span class='ocrx_word' id='word_1_311' title='bbox 632 2271 828 2320; x_wconf 89' lang='lat' dir='ltr'>statueris,</span> <span class='ocrx_word' id='word_1_312' title='bbox 857 2283 1023 2323; x_wconf 89' lang='lat' dir='ltr'>quarum</span> <span class='ocrx_word' id='word_1_313' title='bbox 1049 2269 1177 2323; x_wconf 89' lang='lat' dir='ltr'>prima</span> <span class='ocrx_word' id='word_1_314' title='bbox 1201 2269 1241 2309; x_wconf 92' lang='lat' dir='ltr'>in</span> <span class='ocrx_word' id='word_1_315' title='bbox 1265 2275 1473 2322; x_wconf 91' lang='lat' dir='ltr'>poetarum</span> <span class='ocrx_word' id='word_1_316' title='bbox 1487 2270 1647 2310; x_wconf 86' lang='lat' dir='ltr'>serioris</span> <span class='ocrx_word' id='word_1_317' title='bbox 1667 2271 1804 2311; x_wconf 90' lang='lat' dir='ltr'>aetatis</span> 
     </span>
     <span class='ocr_line' id='line_1_32' title="bbox 79 2336 1804 2392; baseline -0.003 -9"><span class='ocrx_word' id='word_1_318' title='bbox 79 2356 202 2392; x_wconf 89' lang='lat' dir='ltr'>more,</span> <span class='ocrx_word' id='word_1_319' title='bbox 229 2342 402 2382; x_wconf 88' lang='lat' dir='ltr'>secunda</span> <span class='ocrx_word' id='word_1_320' title='bbox 426 2341 467 2380; x_wconf 91' lang='lat' dir='ltr'>in</span> <span class='ocrx_word' id='word_1_321' title='bbox 491 2354 536 2381; x_wconf 89' lang='lat' dir='ltr'>ea</span> <span class='ocrx_word' id='word_1_322' title='bbox 560 2341 734 2389; x_wconf 88' lang='lat' dir='ltr'>ratione,</span> <span class='ocrx_word' id='word_1_323' title='bbox 773 2352 849 2391; x_wconf 89' lang='lat' dir='ltr'>qua</span> <span class='ocrx_word' id='word_1_324' title='bbox 880 2338 978 2378; x_wconf 91' lang='lat' dir='ltr'>haec</span> <span class='ocrx_word' id='word_1_325' title='bbox 1003 2336 1177 2378; x_wconf 88' lang='lat' dir='ltr'>carmina</span> <span class='ocrx_word' id='word_1_326' title='bbox 1201 2342 1418 2389; x_wconf 88' lang='lat' dir='ltr'>propagata</span> <span class='ocrx_word' id='word_1_327' title='bbox 1444 2337 1525 2377; x_wconf 88' lang='lat' dir='ltr'>sint</span> <span class='ocrx_word' id='word_1_328' title='bbox 1547 2337 1650 2378; x_wconf 90' lang='lat' dir='ltr'>inter</span> <span class='ocrx_word' id='word_1_329' title='bbox 1672 2338 1804 2378; x_wconf 91' lang='lat' dir='ltr'>homi-</span> 
     </span>
     <span class='ocr_line' id='line_1_33' title="bbox 79 2403 1803 2459; baseline -0.003 -9"><span class='ocrx_word' id='word_1_330' title='bbox 79 2424 163 2459; x_wconf 88' lang='lat' dir='ltr'>nes,</span> <span class='ocrx_word' id='word_1_331' title='bbox 190 2409 302 2449; x_wconf 90' lang='lat' dir='ltr'>tertia</span> <span class='ocrx_word' id='word_1_332' title='bbox 326 2409 367 2448; x_wconf 89' lang='lat' dir='ltr'>in</span> <span class='ocrx_word' id='word_1_333' title='bbox 391 2408 641 2448; x_wconf 90' lang='lat' dir='ltr'>librariorum</span> <span class='ocrx_word' id='word_1_334' title='bbox 667 2406 816 2446; x_wconf 88' lang='lat' dir='ltr'>incuria</span> <span class='ocrx_word' id='word_1_335' title='bbox 844 2405 951 2445; x_wconf 89' lang='lat' dir='ltr'>insit.</span> <span class='ocrx_word' id='word_1_336' title='bbox 1003 2404 1159 2458; x_wconf 88' lang='lat' dir='ltr'>Optime</span> <span class='ocrx_word' id='word_1_337' title='bbox 1182 2403 1391 2444; x_wconf 89' lang='lat' dir='ltr'>Jacobsius</span> <span class='ocrx_word' id='word_1_338' title='bbox 1416 2404 1543 2444; x_wconf 87' lang='lat' dir='ltr'>Praef.</span> <span class='ocrx_word' id='word_1_339' title='bbox 1571 2405 1620 2445; x_wconf 91' lang='lat' dir='ltr'>ad</span> <span class='ocrx_word' id='word_1_340' title='bbox 1642 2405 1803 2445; x_wconf 84' lang='lat' dir='ltr'>Anthol.</span> 
     </span>
     <span class='ocr_line' id='line_1_34' title="bbox 79 2472 1806 2529; baseline -0.003 -12"><span class='ocrx_word' id='word_1_341' title='bbox 79 2478 160 2518; x_wconf 91' lang='lat' dir='ltr'>Pal.</span> <span class='ocrx_word' id='word_1_342' title='bbox 198 2491 236 2529; x_wconf 91' lang='lat' dir='ltr'>p.</span> <span class='ocrx_word' id='word_1_343' title='bbox 272 2476 353 2517; x_wconf 87' lang='lat' dir='ltr'>XL.</span> <span class='ocrx_word' id='word_1_344' title='bbox 400 2490 439 2528; x_wconf 91' lang='lat' dir='ltr'>p.</span> <span class='ocrx_word' id='word_1_345' title='bbox 475 2475 579 2515; x_wconf 88' lang='lat' dir='ltr'>XLII</span> <span class='ocrx_word' id='word_1_346' title='bbox 615 2473 917 2521; x_wconf 87' lang='lat' dir='ltr'>demonstravit,</span> <span class='ocrx_word' id='word_1_347' title='bbox 966 2472 1166 2524; x_wconf 89' lang='lat' dir='ltr'>quomodo</span> <span class='ocrx_word' id='word_1_348' title='bbox 1203 2477 1447 2524; x_wconf 84' lang='lat' dir='ltr'>„postquam</span> <span class='ocrx_word' id='word_1_349' title='bbox 1492 2472 1806 2525; x_wconf 88' lang='lat' dir='ltr'>unumquodque</span> 
     </span>
     <span class='ocr_line' id='line_1_35' title="bbox 78 2538 1803 2597; baseline -0.003 -12"><span class='ocrx_word' id='word_1_350' title='bbox 78 2558 235 2597; x_wconf 85' lang='lat' dir='ltr'>„genus</span> <span class='ocrx_word' id='word_1_351' title='bbox 269 2542 640 2597; x_wconf 87' lang='lat' dir='ltr'>poeseos·patriae,</span> <span class='ocrx_word' id='word_1_352' title='bbox 675 2541 743 2581; x_wconf 90' lang='lat' dir='ltr'>ubi</span> <span class='ocrx_word' id='word_1_353' title='bbox 777 2546 912 2580; x_wconf 90' lang='lat' dir='ltr'>natum</span> <span class='ocrx_word' id='word_1_354' title='bbox 939 2544 977 2579; x_wconf 92' lang='lat' dir='ltr'>et</span> <span class='ocrx_word' id='word_1_355' title='bbox 1011 2539 1218 2578; x_wconf 88' lang='lat' dir='ltr'>educatum</span> <span class='ocrx_word' id='word_1_356' title='bbox 1245 2539 1392 2587; x_wconf 87' lang='lat' dir='ltr'>fuerat,</span> <span class='ocrx_word' id='word_1_357' title='bbox 1415 2538 1573 2580; x_wconf 71' lang='lat' dir='ltr'>,finibus</span> <span class='ocrx_word' id='word_1_358' title='bbox 1600 2550 1803 2590; x_wconf 87' lang='lat' dir='ltr'>egressum</span> 
     </span>
     <span class='ocr_line' id='line_1_36' title="bbox 77 2605 1802 2665; baseline -0.003 -14"><span class='ocrx_word' id='word_1_359' title='bbox 77 2609 350 2665; x_wconf 84' lang='lat' dir='ltr'>„peregrinari</span> <span class='ocrx_word' id='word_1_360' title='bbox 387 2616 424 2650; x_wconf 86' lang='lat' dir='ltr'>et</span> <span class='ocrx_word' id='word_1_361' title='bbox 458 2622 548 2649; x_wconf 90' lang='lat' dir='ltr'>cum</span> <span class='ocrx_word' id='word_1_362' title='bbox 584 2609 722 2648; x_wconf 88' lang='lat' dir='ltr'>exteris</span> <span class='ocrx_word' id='word_1_363' title='bbox 747 2607 904 2661; x_wconf 92' lang='lat' dir='ltr'>populis</span> <span class='ocrx_word' id='word_1_364' title='bbox 932 2605 1215 2653; x_wconf 86' lang='lat' dir='ltr'>communicari</span> <span class='ocrx_word' id='word_1_365' title='bbox 1241 2606 1389 2658; x_wconf 90' lang='lat' dir='ltr'>coepit,</span> <span class='ocrx_word' id='word_1_366' title='bbox 1427 2618 1517 2646; x_wconf 92' lang='lat' dir='ltr'>cum</span> <span class='ocrx_word' id='word_1_367' title='bbox 1543 2605 1697 2646; x_wconf 83' lang='lat' dir='ltr'>dialecti</span> <span class='ocrx_word' id='word_1_368' title='bbox 1720 2618 1802 2665; x_wconf 88' lang='lat' dir='ltr'>non</span> 
     </span>
     <span class='ocr_line' id='line_1_37' title="bbox 78 2672 1802 2733; baseline -0.003 -14"><span class='ocrx_word' id='word_1_369' title='bbox 78 2675 187 2733; x_wconf 84' lang='lat' dir='ltr'>„jam</span> <span class='ocrx_word' id='word_1_370' title='bbox 214 2679 253 2718; x_wconf 86' lang='lat' dir='ltr'>iu</span> <span class='ocrx_word' id='word_1_371' title='bbox 280 2691 348 2718; x_wconf 91' lang='lat' dir='ltr'>ore</span> <span class='ocrx_word' id='word_1_372' title='bbox 382 2677 588 2717; x_wconf 86' lang='lat' dir='ltr'>hominum</span> <span class='ocrx_word' id='word_1_373' title='bbox 623 2676 797 2726; x_wconf 84' lang='lat' dir='ltr'>vigerent</span> <span class='ocrx_word' id='word_1_374' title='bbox 830 2674 899 2713; x_wconf 90' lang='lat' dir='ltr'>sed</span> <span class='ocrx_word' id='word_1_375' title='bbox 933 2673 974 2713; x_wconf 90' lang='lat' dir='ltr'>in</span> <span class='ocrx_word' id='word_1_376' title='bbox 1007 2673 1174 2726; x_wconf 87' lang='lat' dir='ltr'>putridis</span> <span class='ocrx_word' id='word_1_377' title='bbox 1211 2672 1355 2712; x_wconf 90' lang='lat' dir='ltr'>chartis</span> <span class='ocrx_word' id='word_1_378' title='bbox 1398 2672 1690 2723; x_wconf 89' lang='lat' dir='ltr'>delitescerent,</span> <span class='ocrx_word' id='word_1_379' title='bbox 1725 2686 1802 2714; x_wconf 90' lang='lat' dir='ltr'>usu</span> 
     </span>
     <span class='ocr_line' id='line_1_38' title="bbox 77 2739 1800 2797; baseline -0.003 -11"><span class='ocrx_word' id='word_1_380' title='bbox 77 2747 241 2795; x_wconf 86' lang='lat' dir='ltr'>„venire</span> <span class='ocrx_word' id='word_1_381' title='bbox 267 2745 441 2797; x_wconf 86' lang='lat' dir='ltr'>coeperit</span> <span class='ocrx_word' id='word_1_382' title='bbox 464 2750 507 2783; x_wconf 85' lang='lat' dir='ltr'>ut</span> <span class='ocrx_word' id='word_1_383' title='bbox 530 2743 646 2782; x_wconf 89' lang='lat' dir='ltr'>iidem</span> <span class='ocrx_word' id='word_1_384' title='bbox 672 2742 852 2781; x_wconf 88' lang='lat' dir='ltr'>homines</span> <span class='ocrx_word' id='word_1_385' title='bbox 879 2740 1040 2780; x_wconf 89' lang='lat' dir='ltr'>diversis</span> <span class='ocrx_word' id='word_1_386' title='bbox 1076 2740 1117 2779; x_wconf 93' lang='lat' dir='ltr'>in</span> <span class='ocrx_word' id='word_1_387' title='bbox 1149 2740 1358 2780; x_wconf 88' lang='lat' dir='ltr'>scribendo</span> <span class='ocrx_word' id='word_1_388' title='bbox 1385 2739 1560 2779; x_wconf 89' lang='lat' dir='ltr'>dialectis</span> <span class='ocrx_word' id='word_1_389' title='bbox 1584 2744 1800 2790; x_wconf 86' lang='lat' dir='ltr'>uterentur,</span> 
     </span>
     <span class='ocr_line' id='line_1_39' title="bbox 77 2806 1801 2866; baseline -0.004 -12"><span class='ocrx_word' id='word_1_390' title='bbox 77 2819 251 2866; x_wconf 84' lang='lat' dir='ltr'>„poetae</span> <span class='ocrx_word' id='word_1_391' title='bbox 276 2812 554 2853; x_wconf 84' lang='lat' dir='ltr'>adsuescerent</span> <span class='ocrx_word' id='word_1_392' title='bbox 579 2810 742 2849; x_wconf 87' lang='lat' dir='ltr'>dialecto</span> <span class='ocrx_word' id='word_1_393' title='bbox 769 2808 921 2847; x_wconf 86' lang='lat' dir='ltr'>ionicae</span> <span class='ocrx_word' id='word_1_394' title='bbox 932 2807 1076 2846; x_wconf 87' lang='lat' dir='ltr'>doricis</span> <span class='ocrx_word' id='word_1_395' title='bbox 1091 2806 1240 2858; x_wconf 85' lang='lat' dir='ltr'>passim</span> <span class='ocrx_word' id='word_1_396' title='bbox 1260 2807 1396 2846; x_wconf 85' lang='lat' dir='ltr'>formis</span> <span class='ocrx_word' id='word_1_397' title='bbox 1406 2806 1595 2855; x_wconf 64' lang='lat' dir='ltr'>‚modeste</span> <span class='ocrx_word' id='word_1_398' title='bbox 1615 2806 1801 2858; x_wconf 85' lang='lat' dir='ltr'>immixtis</span> 
     </span>
     <span class='ocr_line' id='line_1_40' title="bbox 79 2873 1800 2932; baseline -0.004 -11"><span class='ocrx_word' id='word_1_399' title='bbox 79 2880 301 2932; x_wconf 79' lang='lat' dir='ltr'>„majorem</span> <span class='ocrx_word' id='word_1_400' title='bbox 338 2878 548 2918; x_wconf 89' lang='lat' dir='ltr'>conciliare</span> <span class='ocrx_word' id='word_1_401' title='bbox 581 2878 767 2915; x_wconf 84' lang='lat' dir='ltr'>sonum.“</span> <span class='ocrx_word' id='word_1_402' title='bbox 828 2876 956 2922; x_wconf 85' lang='lat' dir='ltr'>Quam</span> <span class='ocrx_word' id='word_1_403' title='bbox 991 2874 1168 2913; x_wconf 91' lang='lat' dir='ltr'>secundo</span> <span class='ocrx_word' id='word_1_404' title='bbox 1193 2873 1282 2913; x_wconf 90' lang='lat' dir='ltr'>loco</span> <span class='ocrx_word' id='word_1_405' title='bbox 1306 2873 1425 2926; x_wconf 90' lang='lat' dir='ltr'>posui</span> <span class='ocrx_word' id='word_1_406' title='bbox 1452 2885 1647 2927; x_wconf 89' lang='lat' dir='ltr'>caussam,</span> <span class='ocrx_word' id='word_1_407' title='bbox 1673 2886 1719 2914; x_wconf 87' lang='lat' dir='ltr'>ea</span> <span class='ocrx_word' id='word_1_408' title='bbox 1741 2873 1800 2915; x_wconf 86' lang='lat' dir='ltr'>la-</span> 
     </span>
     <span class='ocr_line' id='line_1_41' title="bbox 79 2939 1801 2999; baseline -0.003 -12"><span class='ocrx_word' id='word_1_409' title='bbox 79 2948 226 2988; x_wconf 87' lang='lat' dir='ltr'>tissime</span> <span class='ocrx_word' id='word_1_410' title='bbox 250 2951 379 2999; x_wconf 66' lang='lat' dir='ltr'>patet,</span> <span class='ocrx_word' id='word_1_411' title='bbox 425 2943 598 2985; x_wconf 88' lang='lat' dir='ltr'>carmina</span> <span class='ocrx_word' id='word_1_412' title='bbox 626 2943 748 2990; x_wconf 69' lang='lat' dir='ltr'>onim,</span> <span class='ocrx_word' id='word_1_413' title='bbox 787 2954 887 2994; x_wconf 85' lang='lat' dir='ltr'>quae</span> <span class='ocrx_word' id='word_1_414' title='bbox 911 2954 982 2993; x_wconf 89' lang='lat' dir='ltr'>per</span> <span class='ocrx_word' id='word_1_415' title='bbox 1006 2940 1168 2992; x_wconf 87' lang='lat' dir='ltr'>longum</span> <span class='ocrx_word' id='word_1_416' title='bbox 1194 2945 1349 2992; x_wconf 88' lang='lat' dir='ltr'>tempus</span> <span class='ocrx_word' id='word_1_417' title='bbox 1374 2939 1510 2992; x_wconf 90' lang='lat' dir='ltr'>populi</span> <span class='ocrx_word' id='word_1_418' title='bbox 1528 2953 1604 2980; x_wconf 86' lang='lat' dir='ltr'>ore</span> <span class='ocrx_word' id='word_1_419' title='bbox 1630 2940 1801 2981; x_wconf 88' lang='lat' dir='ltr'>circum-</span> 
     </span>
    </p>
   </div>
  </div>
 </body>
</html>
