1910 3268
942 114 1000 160 59

38 295 44 299 ,
107 250 285 296 sti-actae·
298 260 440 308 poetae
463 259 562 294 nutu
585 254 625 293 in
651 254 749 293 deas
765 254 962 302 mutatae3'
977 265 1070 293 nam
1094 249 1234 305 Χάρις,
1251 249 1333 291 non
1358 257 1419 291 est
1437 251 1499 290 illa
1526 262 1603 290 una
1613 249 1836 298 Homerica,

35 323 38 326 '
62 335 63 338 ’
107 334 209 376 quiae
235 322 327 362 cum
338 321 495 362 Baccho
519 319 615 360 nibil
641 332 852 360 commune
862 319 994 360 habet.
1026 320 1076 359 At
1095 331 1178 360 non
1200 319 1240 359 in
1251 318 1314 358 his
1325 317 1517 370 acquievit
1539 323 1678 370 poeta3
1703 312 1837 356 Λύπα

0 387 34 446 ᾗ
58 437 63 439 .
108 393 151 430 ot
176 386 290 429 urla
319 388 417 429 deae
450 399 608 440 quoque
642 387 841 440 prodeunt
867 399 912 427 ex
936 387 1021 439 ejus
1043 387 1214 426 officina.
1253 387 1505 437 Quantopere
1535 384 1673 425 Graeci
1698 389 1838 436 poetae

0 479 49 518 Ξ
109 454 389 511 abhorruerint
416 468 439 509 a
468 454 700 496 notionibus
731 452 940 494 abstractis
962 454 1090 493 divina
1127 459 1233 493 veste
1257 452 1465 492 induendis
1486 452 1580 492 satis
1601 456 1740 491 notum
1765 455 1838 490 est.

0 523 13 582 Ξ
43 539 75 580 j·
109 521 269 564 Verba‘
257 535 344 575 ipsa
367 522 542 572 medium
572 534 710 561 aevum
738 521 914 561 redolere
943 520 1046 560 bene
1074 520 1168 560 vidit
1194 521 1375 561 Welcker
1401 520 1517 560 Cens.
1551 533 1592 572 p.
1622 515 1728 567 3033
1755 530 1838 557 non

38 642 46 649 .
109 589 216 630 euim
235 589 368 630 bonus
388 589 560 642 scriptor
585 585 699 627 ὸιά“
677 602 722 626 ον
750 589 798 628 ad
818 587 1028 627 verborum
1048 587 1202 639 passiva
1229 587 1471 640 apposuerit,
1492 592 1536 627 ut
1559 591 1761 626 auctorem
1782 584 1838 624 si-

110 656 283 708 gnificet.
330 655 458 708 Atque
481 655 567 695 vide
587 655 833 695 sedulitatem
853 648 1005 707 poetae,
1032 655 1099 706 qui
1123 660 1167 695 ut
1189 654 1369 706 quaterni
1394 666 1530 693 versus
1550 653 1687 693 iisdem
1708 652 1838 692 verbis

0 704 41 775 Ξ
108 722 342 776 inciperent,
376 727 429 762 ut
447 719 570 774 parias
587 722 873 773 responderent
905 720 1087 773 paribus,
1113 734 1267 761 summa
1303 734 1392 761 cum
1427 720 1616 775 religione
1636 718 1838 772 spectavit.
1875 716 1880 721 ¹

223 789 396 830 Melioris
438 795 555 829 notae
598 795 658 828 est
699 788 878 828 odarium
918 788 1037 828 XLII.
1083 784 1248 840 (Μ.μ’),
1300 789 1339 828 in
1386 788 1530 841 quibus
1578 793 1695 839 poeta
1737 797 1839 839 quae

0 834 35 900 Ξ,
109 862 234 906 amet,
266 869 367 910 quae
394 856 521 896 oderit
556 855 673 895 nobis
705 854 908 907 proponit.
957 855 1114 895 Amoris
1144 860 1224 895 tres
1257 855 1551 907 quodammodo
1577 854 1722 906 gradus
1754 858 1837 893 sta-

110 929 277 965 tuantur
287 922 305 963 ε’
323 922 498 976 primum
518 922 700 962 nominat
722 922 763 961 in
781 922 1122 973 deliciis-chorum
1143 923 1184 962 in
1207 919 1359 963 Bacchi
1386 923 1580 962 honorem
1601 921 1837 972 institutum,

112 991 239 1043 magis
267 991 425 1031 adamat
457 989 602 1030 fidibus
628 1002 769 1029 canere
804 995 1210 1042 cum-computatore
1239 991 1401 1043 juvene3
1441 990 1511 1029 sed
1542 1001 1743 1029 summum
1777 987 1838 1027 lo-

112 1071 205 1100 cum
240 1063 411 1110 occupat
449 1057 650 1109 voluptas,
686 1069 787 1109 quae
811 1069 856 1096 ex
890 1057 983 1096 ludo
1020 1069 1110 1096 cum
1141 1057 1280 1109 puellis
1314 1058 1556 1098 instituendo
1583 1055 1836 1109 percipiatur.

14 1125 82 1154 Γ
108 1126 292 1168 Livorem
323 1131 441 1178 atque
492 1124 675 1164 invidiam
724 1130 762 1164 et
799 1124 1015 1164 calumnias
1059 1125 1182 1186 plane
1231 1137 1318 1165 sese
1361 1138 1443 1164 non
1484 1137 1605 1164 nosse
1645 1122 1841 1174 significat

110 1195 248 1245 poeta,
282 1193 361 1233 sed
386 1191 477 1232 odio
511 1191 762 1244 persequitur
789 1191 891 1231 rixas
923 1191 1025 1231 inter
1060 1192 1195 1244 epulas
1222 1204 1312 1231 cum
1343 1192 1482 1245 puellis
1505 1191 1702 1231 excitatas.
1726 1189 1838 1229 Sen-

112 1261 256 1315 tentiae
279 1260 390 1313 ’qisae
415 1259 676 1299 Anacreontis
699 1259 858 1310 ingenio
885 1272 1002 1311 quam
1027 1260 1194 1299 maxime
1207 1260 1458 1308 conveniunt,
1480 1259 1546 1312 qui
1565 1264 1610 1299 ut
1632 1245 1841 1298 adamabat

13 1371 36 1387 .-
111 1340 231 1383 quam
259 1327 427 1368 maxime
457 1333 497 1367 et
522 1327 666 1366 choros
701 1332 740 1366 et
770 1326 945 1366 convivia
975 1332 1014 1366 et
1043 1327 1171 1376 ludos,
1197 1327 1249 1366 ita
1273 1327 1383 1369 valde
1403 1341 1424 1367 a
1448 1326 1642 1367 Thracico
1668 1326 1840 1365 clamore

0 1393 36 1426 ἵ
110 1396 215 1438 inter
237 1396 373 1448 epulas
404 1394 576 1435 tollendo
611 1391 861 1434 abhorrebat.
910 1394 1043 1442 Metra,
1075 1394 1196 1433 modo
1231 1394 1272 1434 in
1299 1407 1412 1434 versu
1436 1395 1550 1434 tertio
1572 1400 1611 1434 et
1628 1392 1839 1447 quintode-

111 1464 220 1504 cimo
238 1462 452 1503 Hermanni
472 1467 511 1501 et
533 1461 767 1501 Mehlhornii
801 1463 1048 1514 conjecturas
1078 1474 1311 1514 sequamur,
1348 1462 1444 1501 nihil
1469 1461 1700 1502 offensionis
1720 1472 1837 1513 prae-

111 1531 220 1572 bent.
273 1530 481 1571 Dialectica
504 1529 662 1582 quidem
680 1529 780 1568 ratio
805 1541 887 1568 non
911 1529 1027 1581 plane
1046 1529 1508 1577 Anacreonti'convenit3
1541 1529 1698 1581 genitivi
1734 1543 1839 1578 συμ-

43 1626 49 1629 -
114 1595 241 1640 πότου
265 1610 339 1651 pro
364 1594 581 1649 συμπότεω
605 1602 644 1636 et
672 1592 856 1649 γλώττης
874 1609 948 1648 pro
972 1593 1157 1650 γλώσσης
1182 1597 1288 1636 attici
1313 1603 1407 1637 sunt
1430 1610 1512 1636 non
1536 1597 1669 1637 ionici.
1712 1596 1839 1648 Atque

0 1699 10 1709 ,
48 1692 54 1697 -
111 1667 146 1707 si
175 1666 354 1707 ultimam
387 1665 590 1717 stropham
626 1669 875 1716 spectamuS‚
908 1664 1021 1716 plura
1053 1664 1162 1704 valde
1187 1665 1416 1717 displicent;
1446 1665 1619 1717 primum
1645 1663 1838 1705 sententia

0 1758 15 1786 ς
109 1734 196 1787 ipsa
215 1733 399 1784 languida
421 1740 481 1772 est
504 1730 633 1784 neque
658 1729 740 1771 ar'te
765 1744 854 1771 cum
885 1731 1208 1775 antecedentibus
1236 1733 1459 1785 conjuncta,
1486 1745 1578 1773 nam
1607 1732 1704 1772 nihil
1734 1731 1839 1771 aliud

108 1801 229 1841 efficit
246 1812 365 1853 quam
386 1805 430 1839 ut
450 1799 566 1839 verba
587 1798 650 1838 illa
673 1796 777 1848 μετὰ
804 1798 1024 1850 παρθένιον
1045 1796 1219 1852 ἀθύρειν
1240 1800 1365 1839 fusius
1392 1799 1691 1840 circumscribat
1701 1798 1839 1839 addat-

107 1881 184 1922 qne
215 1859 407 1908 formulas
438 1866 628 1919 quasdam
661 1867 944 1907 Anacreonteis
973 1867 1137 1907 usitatas
1170 1873 1215 1907 ut
1248 1863 1332 1906 1371&
1357 1863 1545 1921 βαρβίτῳ
1571 1863 1755 1920 χορεύειν
1789 1867 1838 1906 cf.

107 1927 161 1977 od
178 1932 208 1976 6
228 1931 354 1989 (μα’),
378 1932 430 1984 4;
452 1934 546 1973 nihil
570 1934 687 1986 plane
707 1940 789 1974 tota
819 1935 982 1987 stropha
1005 1935 1152 1975 omissa
1173 1934 1455 1984 desideramus,
1486 1948 1577 1976 cum
1602 1936 1696 1988 quid
1720 1939 1837 1982 amet,

107 2003 204 2056 quid
226 2002 365 2052 oderit,
397 2002 493 2042 satis
524 2002 777 2042 declaraverit
799 2008 938 2054 poeta3
970 2008 1052 2042 tum
1084 2002 1334 2055 participium
1366 2000 1548 2056 χορεύων
1581 2016 1671 2043 cum
1705 2000 1839 2056 φέρω-

107 2084 184 2123 μεν
204 2070 445 2123 coniungere
481 2069 642 2108 nonnisi
672 2070 756 2122 ejus
787 2070 924 2110 aetatis
964 2075 1045 2118 est,
1092 2083 1168 2122 qua
1200 2070 1362 2122 pluralis
1390 2072 1544 2111 numeri
1578 2071 1688 2111 notio
1721 2061 1839 2122 quam

4 2126 52 2190 2}-
100 2126 269 2180 maxime
301 2137 479 2186 evanuit,
505 2149 633 2189 neque
658 2137 753 2176 satis
783 2137 956 2190 probant
990 2137 1165 2189 exempla
1201 2151 1222 2177 a
1258 2138 1503 2178 Mehlhornio
1530 2139 1642 2179 allata
1676 2138 1836 2191 cs.1ph.

103 2205 226 2246 Taur.
247 2201 343 2254 584,
369 2204 516 2257 quippe
536 2217 637 2256 quae
657 2217 739 2243 non
764 2205 812 2244 ad
834 2205 1089 2256 symae-ticam
1114 2205 1423 2246 hanclicentiam
1445 2211 1646 2259 spectent3
1672 2205 1840 2259 denique

2 2271 32 2317 7
107 2263 263 2313 dicendi
286 2272 387 2312 ratio
410 2271 504 2322 βίον
528 2269 661 2325 φέρειν
686 2285 707 2311 a
733 2271 932 2312 honorum
954 2273 1193 2324 scriptorum
1205 2276 1282 2312 usu
1302 2273 1413 2312 valde
1434 2273 1647 2313 abhorrere
1671 2273 1835 2321 videtur,

12 2341 37 2388 [tq
104 2352 197 2380 cum
231 2339 500 2380 molestiarum
535 2344 652 2392 atque
685 2339 833 2379 laboris
869 2340 1127 2391 significatio,
1152 2353 1270 2392 quam
1306 2353 1379 2380 nos
1406 2340 1562 2393 quidem
1604 2341 1644 2380 in
1670 2340 1744 2379 vita
1764 2340 1841 2379 hu-

3 2403 38 2451 ss
105 2419 224 2448 mana
247 2401 379 2458 inesse
398 2407 594 2456 volumus,
622 2420 643 2446 a
670 2407 833 2447 Graecis
859 2403 1091 2459 longissime
1117 2408 1285 2448 abesset.
1327 2410 1436 2456 Quae
1462 2421 1551 2447 cum
1578 2408 1629 2448 ita
1655 2408 1745 2456 sint,
1772 2421 1839 2447 ex-

102 2479 228 2516 trema
259 2475 423 2527 stropha
460 2474 508 2529 ab
540 2474 722 2526 imperito
759 2475 930 2527 quodam
972 2472 1255 2515 cantilenarum
1290 2482 1405 2528 poeta
1444 2476 1572 2515 addita
1603 2466 1757 2515 videtur
1789 2475 1839 2514 ad

67 2561 75 2568 ·
104 2541 421 2594 amplificandam
454 2542 592 2590 odam,
631 2543 744 2595 cujus
783 2543 1005 2583 sententiae
1039 2543 1124 2582 sine
1159 2543 1280 2582 dubio
1314 2543 1363 2583 ad
1392 2544 1680 2584 Anacreontem
1705 2536 1837 2595 ipsum

106 2609 317 2662 pertinent.
343 2608 430 2648 Huc
449 2609 619 2661 pertinet
642 2609 773 2648 Basilii
800 2622 958 2650 carmen
982 2610 1084 2649 inter
1106 2610 1376 2651 Anacreontea
1400 2611 1565 2651 relatum
1576 2610 1677 2650 xvn
1691 2606 1834 2662 (Mss‘),

8 2668 38 2724 ’-
107 2687 187 2730 quo
211 2676 421 2716 Homerica
451 2676 532 2728 lyra
556 2676 638 2734 sive
669 2678 816 2717 chorda
835 2683 1004 2717 *cruenta
1028 2684 1071 2718 ut
1096 2678 1171 2718 sibi
1198 2679 1394 2734 deferatur
1415 2678 1592 2731 postulat
1615 2683 1754 2731 poeta3
1777 2677 1836 2716 vi-

109 2756 205 2784 num
230 2744 334 2784 enim
366 2744 558 2784 mixturus
583 2749 643 2784 est
666 2745 884 2785 secundum
908 2745 1013 2796 leges
1036 2746 1282 2794 constitutas,
1324 2759 1403 2799 quo
1432 2731 1565 2785 ebrius
1595 2747 1722 2785 factus
1756 2744 1835 2783 sal-

12 2814 39 2867 J·
56 2815 64 2849 j
95 2816 167 2851 ’tet
189 2811 502 2864 cantilenamque
526 2810 654 2852 ca'nat.
698 2812 834 2865 lnepte
857 2812 1106 2853 Homericam
1128 2814 1249 2867 lyram
1276 2814 1451 2866 postulat
1474 2818 1613 2865 poeta3
1640 2825 1731 2851 mox
1754 2823 1836 2851 non

5 2889 10 2902 ²
38 2903 66 2917 2·
107 2877 212 2931 lyrae
235 2879 507 2919 meminit'sed
526 2879 647 2919 multa
674 2879 825 2920 barbita
851 2880 986 2920 audire
1019 2880 1093 2920 sibi
1125 2881 1288 2921 videtur.
1339 2881 1540 2921 Genitivus
1572 2881 1739 2930 θεσμῶν
1770 2878 1838 2930 qui

110 2940 290 2998 adjectivi
310 2946 400 2986 loeo
426 2946 582 2999 positus
608 2952 679 2994 est,
707 2947 864 2988 nonnisi
891 2954 1034 2999 poetae,
1055 2949 1214 2988 serioris
1241 2949 1377 2988 aetatis
1404 2947 1598 2987 convenit.
