1910 3268
885 124 941 168 29

56 271 97 308 a,
116 272 143 307 ι,
155 269 196 304 υ,
222 266 296 308 pro
322 253 448 293 lubitu
470 257 538 292 aut
560 252 700 302 longae
723 257 791 291 aut
812 251 951 291 breves
975 252 1100 292 sactae
1123 257 1229 300 sunt,
1253 257 1440 292 accentus
1455 259 1586 293 autem
1612 254 1652 294 in
1677 268 1776 307 pen—

54 323 192 369 ulfima
213 321 361 375 syllaba
391 326 436 360 ut
466 324 682 373 poneretur
703 320 784 359 fere
808 319 1032 359 curabatur.
1078 318 1165 358 Huc
1200 319 1370 371 pertinet
1400 319 1494 359 illud
1530 333 1689 361 carmen
1722 319 1779 363 62

55 387 180 443 (ξδ’),
214 388 355 442 quod
344 400 386 428 m
410 386 612 427 Theodori
633 385 838 438 prodromi
863 386 1017 438 dialogo
1042 401 1082 426 τι
1104 389 1177 438 τῆς
1191 383 1477 438 Ἀνακρέοντος
1498 384 1657 440 μούσης
1680 389 1779 429 dici-

57 461 125 499 tur
146 462 280 510 atquc
287 455 464 496 exsertis
477 453 823 494 ffimeuis10nicis
859 453 1095 493 catalecticis
1129 459 1244 506 atque
1277 453 1382 493 binis
1406 454 1592 495 trimetris
1624 462 1782 497 constat

57 525 110 567 cf.
132 524 268 564 Herm.
291 522 483 576 Epit.‘ed.
508 523 543 562 Π
568 535 607 574 p.
634 518 730 561 173.
779 521 915 573 Ipsum
948 516 1117 560 metrhm
1148 520 1310 573 respicit
1333 521 1466 562 Schol.
1490 522 1617 575 Heph.
1643 523 1705 564 ed.
1733 525 1779 564 G.

57 606 99 646 p.
125 589 228 632 173:
251 613 309 619 —
341 587 381 629 οἱ
404 588 448 629 δὲ
471 586 653 641 νεώτεροι
678 586 880 641 (oppositi
912 592 996 636 τοῖς
1030 586 1211 641 ἀρχαίοις
1231 588 1270 628 ’ἰ.
1297 601 1331 628 e.
1356 588 1639 641 Hephaestioni
1674 591 1781 643 ejus-

57 672 136 713 que
158 654 407 711 aequalibus>
434 655 659 708 διαιροῦσιν
685 653 786 695 αὐτὸ
811 653 875 708 (τὸ
908 653 1225 708 ἀνακρέοντειον)
1253 655 1308 701 εἷς
1341 670 1384 695 τε
1418 658 1530 696 κῶλα
1562 654 1604 706 ἓξ
1627 657 1694 697 καὶ
1728 659 1783 705 εἷς

19 748 26 755 ··
53 722 158 766 θύα·
181 725 250 766 καὶ
273 722 325 764 τὰ
349 721 426 774 μὲν
449 719 492 769 ἓξ
515 723 627 762 κῶλα
650 721 778 776 φασὶν
801 720 949 771 οἴκους,
973 720 1025 762 τὰ
1040 721 1084 763 δὲ
1099 719 1171 762 δύο
1196 720 1433 763 κουκούλιον
1447 724 1514 763 καὶ
1532 723 1784 777 ἐπιδέχονται

58 791 192 844 οἱμὲν
213 787 313 832 οἶκοι
338 787 595 830 ἀνάπαιστον
619 789 687 829 καὶ
702 786 776 829 δύο
791 786 968 841 ἰάμβους
988 789 1055 829 καὶ
1080 788 1267 843 περιττὴν
1281 789 1555 844 συλλαβὴν-
1567 791 1612 833 τὸ
1629 792 1674 833 δὲ
1687 790 1784 833 τοί·-

60 868 151 903 wv'
167 848 405 900 κσυκοῦλιον
429 853 632 910 σύγκειται
655 856 699 896 ἐκ
722 871 764 897 τε
788 859 861 897 τοῦ
883 853 1106 903 ἐλάσσονος
1122 859 1203 897 τῶν
1228 854 1489 908 δισυλλάβων
1502 859 1640 899 ποδῶν
1664 876 1784 901 τουτ-

59 918 146 970 ἶστι
172 929 250 969 τοῦ
281 922 493 980 πυῤῥιχίου
524 923 592 964 καὶ
616 924 661 965 ἐκ
684 926 760 965 τοῦ
782 923 964 976 μείζονος
995 921 1085 977 ἤτοι
1115 926 1191 965 τοῦ
1225 924 1453 967 σπονδεῖον.
1499 927 1597 967 Aliis
1628 928 1669 968 in
1695 941 1783 969 car-

60 995 256 1044 minihuS‚
291 1006 393 1047 quae
415 999 483 1034 aut
506 993 593 1046 ipsa
615 993 887 1033 Anacreontea
909 998 1075 1045 propter
1098 999 1268 1034 metrum
1293 993 1478 1034 dicuntur
1499 1001 1567 1035 aut
1590 995 1784 1036 internam

61 1064 424 1105 Amcreonteomm
456 1061 651 1101 rationem
685 1061 909 1109 imitantur,
952 1060 1076 1100 multo
1107 1060 1239 1112 magis
1272 1061 1467 1101 excultum
1500 1062 1675 1102 invenies
1708 1064 1786 1104 hoc

63 1129 179 1171 metri
201 1141 339 1182 genus.
388 1129 466 1169 Pro
493 1129 599 1168 senis
624 1128 728 1168 enim
764 1127 938 1167 dimetris
962 1128 1243 1168 Anacreonteis
1275 1128 1464 1180 strophae
1494 1142 1594 1182 quae
1620 1143 1664 1170 ex
1687 1143 1786 1183 qua-

65 1197 188 1239 ternis
212 1195 390 1237 versibus
416 1202 600 1236 constant
624 1201 846 1248 ponuntur,
872 1195 963 1234 inde
987 1200 1197 1247 systemata
1222 1193 1327 1236 κατὰ
1352 1194 1573 1247 περικοπὴν
1597 1195 1789 1248 ἀνομοιο-

62 1266 167 1318 μερῆ
196 1269 503 1316 componuntur.
550 1262 756 1303 Praeclare
786 1262 1037 1302 Hermannus
1070 1262 1175 1315 Epit.
1211 1263 1248 1302 d.
1283 1275 1337 1302 m.
1373 1276 1413 1315 p.
1449 1261 1533 1304 174
1565 1265 1626 1305 ed.
1660 1266 1696 1305 Π
1730 1266 1788 1306 sic

65 1343 227 1373 carmen
250 1343 273 1370 a
298 1330 483 1371 Cramero
518 1331 666 1370 editum
689 1330 837 1370 Anecd.
863 1329 987 1370 Paris.
1014 1342 1050 1369 v,
1077 1329 1125 1370 IV
1146 1343 1187 1382 p.
1212 1326 1298 1370 380
1330 1331 1529 1371 distribuit
1559 1332 1600 1371 in
1626 1332 1697 1372 tria
1722 1345 1789 1385 sy-

65 1403 231 1440 stemata
254 1397 357 1438 illius
382 1397 549 1449 generis,
575 1410 744 1449 quorum
769 1397 880 1450 prior
895 1409 988 1449 pars
1014 1397 1112 1437 duas
1137 1402 1372 1449 quaternum
1397 1398 1656 1439 dimetrorum
1680 1405 1787 1439 stro-

66 1466 168 1520 phas
201 1471 241 1505 et
274 1464 471 1505 cuculium
505 1464 627 1504 duum
660 1465 950 1512 trimetrorum,
996 1463 1115 1504 al‘tera
1149 1469 1229 1503 tres
1264 1470 1498 1517 quaternum
1531 1467 1797 1508 dimetrorum-

68 1533 254 1587 strophas
279 1538 317 1572 et
340 1531 433 1572 item
468 1532 590 1571 duum
624 1532 891 1571 trimetrorum
926 1532 1123 1572 cuculium
1147 1531 1310 1580 habeat,
1346 1532 1472 1585 iisque
1506 1547 1700 1575 annexum
1732 1541 1793 1575 est

68 1613 143 1654 pro
167 1599 296 1653 epodo
321 1604 504 1652 systema,
530 1599 643 1652 cujus
667 1599 794 1651 prima
819 1603 857 1637 et
880 1599 991 1639 tertia
1016 1611 1108 1651 pars
1143 1599 1302 1638 eaedem
1334 1605 1428 1639 sunt
1460 1606 1577 1653 atque
1610 1601 1651 1641 ῐιι
1674 1615 1791 1654 prae-

70 1667 300 1708 cedentibus
325 1666 566 1719 systematis,
602 1678 702 1718 quae
727 1676 858 1706 autem
882 1667 984 1705 inter
1017 1667 1088 1706 has
1123 1665 1250 1706 media
1285 1668 1541 1713 estsecunda
1564 1682 1679 1721 pars,
1714 1681 1794 1710 una

69 1741 222 1776 tantum
245 1734 408 1786 stropha
433 1739 472 1773 et
495 1733 648 1772 cuculio
674 1733 901 1773 absolvitur.
951 1733 1072 1784 Magis
1107 1733 1223 1774 etiam
1247 1734 1419 1774 variatur
1445 1741 1624 1776 ‘metrum
1659 1750 1681 1777 a
1716 1737 1792 1776 So—

69 1789 241 1855 phronio
265 1801 306 1841 in
328 1800 610 1841 Anacreonteis
634 1800 683 1839 ab
702 1801 849 1851 Angelo
864 1800 965 1840 Maio
992 1801 1032 1840 in
1058 1800 1191 1853 Spicil.
1207 1800 1322 1841 Rom.
1340 1807 1367 1841 t.
1385 1802 1434 1841 lv
1458 1802 1583 1843 editis.
1631 1804 1676 1843 In
1702 1804 1792 1843 uni-

69 1882 226 1910 versum
251 1868 325 1908 tria
349 1881 490 1920 genera
515 1869 621 1921 apud
644 1868 753 1908 illum
778 1868 1049 1919 distinguenda
1075 1874 1190 1918 sunt3
1223 1868 1395 1920 primum
1428 1870 1535 1922 quod
1559 1876 1793 1923 quaternum

71 1937 328 1977 dimetrorum
341 1936 526 1988 strophas
553 1941 591 1975 et
605 1936 803 1976 cuculium
826 1935 948 1975 duum
965 1935 1232 1976 trimetrorum
1247 1937 1434 1986 continet,
1458 1939 1690 1986 secundum,
1716 1951 1795 1990 quo

71 2003 228 2045 duobus
262 2003 405 2044 ouculii
437 2003 623 2043 trimetris
655 2016 804 2043 annexa
838 2007 897 2042 est
920 2003 1083 2055 stropha
1120 2008 1273 2043 ternum
1308 2004 1564 2045 dimetrorum
1598 2006 1640 2046 in
1674 2018 1796 2058 caque

72 2071 209 2112 eadem
233 2075 351 2124 atque
374 2071 414 2110 in
439 2070 624 2110 trimetris
648 2071 847 2122 profertur
878 2070 1072 2110 sententia
1095 2071 1255 2110 mutatis
1279 2071 1407 2110 verbis
1422 2103 1431 2119 ,
1469 2073 1624 2112 tertium
1649 2071 1798 2126 ἓπῳδι-

74 2134 168 2187 κόν,
202 2151 281 2191 quo
306 2138 422 2189 longa
447 2138 700 2190 stropharum
732 2138 987 2176 dimetrorum
1020 2137 1141 2177 series
1176 2138 1370 2178 clauditur
1404 2138 1560 2179 duobus
1594 2140 1795 2180 trimetris.

2 2213 16 2216 ”
73 2205 201 2258 Saepe
234 2210 365 2244 certus
400 2205 653 2257 stropharum
686 2216 875 2243 numerus
910 2216 990 2243 non
1025 2210 1201 2244 servatur
1224 2206 1273 2259 cs,
1301 2206 1365 2245 od.
1392 2207 1421 2254 I,
1445 2207 1554 2255 XIX,
1580 2208 1670 2255 XX,
1696 2208 1796 2256 XXI,

73 2273 192 2314 xxll.
239 2271 334 2312 Aliis
365 2271 411 2323 fl
439 2272 583 2312 odariis
608 2277 818 2324 quaternas
843 2271 1027 2323 strophas
1062 2278 1296 2324 quaternum
1332 2273 1587 2314 dimetrorum
1623 2275 1800 2327 sequitur

77 2339 327 2380 cuculius'cl'.
354 2339 417 2378 od.
445 2339 497 2387 Π,
523 2339 598 2388 ΙΠ,
623 2339 692 2389 IV,
717 2340 803 2388 VII,
829 2338 950 2386 XVII,
978 2339 1061 2378 aliis
1086 2339 1159 2379 tria
1184 2345 1393 2397 systemata
1417 2342 1603 2394 reperies,
1629 2355 1797 2395 quorum

76 2406 248 2460 primum
271 2411 311 2446 et
326 2406 482 2446 tertium
500 2406 563 2446 bis
578 2411 787 2458 quaternas
811 2406 996 2458 strophas
1018 2418 1108 2446 cum
1125 2408 1274 2447 cuculis
1300 2409 1514 2458 continent,
1539 2410 1656 2449 medii
1680 2409 1798 2449 altera

0 2491 6 2495 .
78 2486 170 2526 pars
194 2486 240 2514 ex
256 2478 437 2526 quatuor,
473 2473 591 2513 altera
618 2486 663 2513 ex
686 2474 811 2513 tribus
837 2473 1011 2525 strophis
1040 2474 1221 2513 consistit
1247 2476 1295 2515 cf.
1314 2476 1378 2515 od.
1398 2477 1478 2524 XII,
1505 2476 1589 2516 aliis
1606 2477 1699 2517 item
1727 2477 1798 2517 tria

78 2545 300 2593 systemata,
326 2552 495 2592 quorum
520 2540 692 2580 medium
716 2540 778 2580 his
804 2546 974 2592 quatuor
997 2541 1180 2592 strophas
1206 2554 1296 2582 cum
1324 2542 1478 2582 cuculio
1505 2544 1691 2591 continet,
1716 2544 1799 2596 pri-

78 2619 189 2648 mum
205 2612 244 2646 et
257 2605 414 2646 tertium
435 2606 550 2647 binas
569 2607 689 2647 hahet
707 2613 851 2659 parteS,
874 2608 1033 2647 alteram
1056 2614 1226 2660 quatuor
1252 2610 1505 2662 stropharum
1524 2623 1613 2651 cum
1633 2611 1799 2659 cuculio,

80 2673 241 2715 alteram
256 2673 374 2713 trium
394 2674 648 2726 stropharum
672 2687 762 2714 cum
779 2674 932 2713 cuculio
959 2676 1007 2715 cs.
1033 2676 1096 2715 od.
1114 2675 1154 2723 V,
1171 2676 1267 2724 VIII,
1285 2677 1349 2725 IX,
1365 2678 1411 2726 X,
1432 2678 1498 2727 XI,
1514 2673 1614 2718 XIII.
1636 2678 1802 2733 Epodici

81 2740 184 2782 iuius
209 2740 363 2792 generis
396 2753 520 2780 unum
557 2747 681 2781 exstat
704 2741 945 2794 exemplum,
980 2742 1020 2781 in
1056 2755 1134 2795 quo
1167 2743 1299 2794 viginti
1324 2744 1579 2784 dimetrorum
1616 2746 1803 2797 strophae

48 2797 53 2799 ”
84 2806 318 2849 clauduntur
351 2807 507 2848 duobus
542 2807 726 2848 trimetris
762 2809 810 2848 cf.
838 2809 902 2848 od.
939 2809 1078 2850 XVIII.
1128 2811 1242 2858 Quod
1277 2811 1316 2850 in
1352 2812 1487 2850 codice
1522 2812 1803 2851 Barberiniano

82 2874 215 2915 statiffl
245 2874 466 2927 Sophronii
502 2875 598 2915 odas
644 2876 822 2928 sequitur
854 2883 971 2928 atque
1005 2877 1193 2916 volumini
1234 2877 1430 2929 Spicilegii
1464 2879 1631 2918 Romani
1665 2885 1804 2931 quarto

85 2940 197 2993 quasi
229 2936 422 2995 appendix
458 2955 495 2994 p.
532 2939 615 2981 543
640 2943 826 2982 adhaeret
848 2943 1062 2995 Sophronii
1088 2945 1273 2984 monachi
1303 2945 1605 2997 iatrosophistae
1630 2945 1807 2985 odarium
