1910 3268
86 300 248 347 apparet
268 294 317 335 ab
351 294 610 335 Anacreontis
646 294 771 333 aetate
806 289 892 333 non'
921 292 1135 334 abhorrere
1167 292 1305 345 papyri
1340 305 1456 332 usum
1491 291 1567 333 late
1597 296 1810 344 patentem.

85 362 167 402 Alia
193 368 252 402 est
276 359 426 402 ὀστέων
447 359 656 400 λυθέντων
686 352 808 400 ratio:
854 372 936 400 non
970 359 1074 399 enim
1111 372 1200 399 cum
1235 359 1443 400 Homerica
1477 358 1631 399 dicendi
1663 357 1816 399 ratione

26 460 30 463 .
87 427 307 481 comparari
340 441 460 481 posse
496 427 697 475 existimo,
725 426 871 479 quippe
902 439 1002 479 quae
1027 426 1178 466 ossium
1209 423 1621 480 ligaturas-7025vaw
1653 425 1815 467 relaxari

86 496 302 550 significet,
329 495 491 535 minime
518 507 608 534 ossa
634 494 732 546 ipsa.
793 494 929 546 Neque
954 499 1085 533 tamen
1107 493 1266 533 alteram
1296 493 1459 546 physico
1481 492 1639 546 quidem
1663 493 1815 534 homini

86 563 331 614 aptissimam
357 562 426 601 sed
451 575 472 601 a
492 567 607 614 poeta
635 561 913 601 abhorrentem
939 560 1239 613 explicationem
1261 561 1498 602 Anacreonti
1520 560 1813 614 adscripserim.

87 630 142 668 De
168 629 357 681 particula
382 625 438 674 ὥς
473 629 558 669 suse
593 628 804 681 disputavit
831 627 1099 667 Mehlhornius
1127 628 1366 680 Thucydidis
1400 617 1533 669 locum
1558 630 1725 684 afferens
1756 628 1818 679 IV,

85 694 168 736 117
187 696 254 736 uhi
278 710 351 748 pro
379 694 453 743 ἕως
474 696 646 745 dicatnr3
673 701 811 735 nostro
832 696 922 734 loco
949 708 1114 735 caussae
1139 708 1296 748 quoque
1331 696 1566 748 significatio
1594 696 1709 746 inest,
1736 708 1816 736 nen

84 764 213 803 solum
235 763 443 815 temporis:
466 776 556 812 „me
576 763 709 815 potius
736 763 882 816 quippe
906 762 972 815 qui
992 759 1120 802 adhuc
1140 763 1278 812 vivam,
1306 776 1408 814 unge
1428 763 1640 815 myrrhisffi
1679 763 1817 816 Neque

84 843 250 883 prorsus
274 830 617 882 praetermittenda
644 836 704 869 est
724 830 861 869 elatior
885 831 1008 869 forma
1030 830 1070 870 in
1090 830 1130 869 V.
1160 827 1181 869 1
1210 836 1251 870 et
1270 828 1297 870 2
1317 843 1435 882 saepe
1458 830 1643 882 repetita:
1668 830 1819 884 μυρσί-

86 913 170 944 ναις
196 899 386 951 τερείναις
415 897 477 935 ἐπὶ
506 896 691 942 λωτίναις
716 912 758 937 τε
783 897 936 946 ποίαις,
963 911 1063 951 qnae
1088 911 1167 938 uno
1191 902 1342 938 tantum
1371 898 1460 937 loco
1491 897 1532 937 in
1555 888 1816 938 Anacreontis

86 966 314 1018 fragmentis
349 965 556 1004 invenitur.
608 965 718 1012 Quae
743 977 834 1004 cum
861 965 913 1005 ita
940 965 1030 1014 sint,
1063 978 1287 1018 quanquam
1310 969 1586 1016 argumentum
1611 965 1743 1018 ipsum
1764 964 1816 1005 *ab

84 1034 331 1082 Anacreonte
355 1045 435 1071 non
459 1031 776 1084 abjudicaverim,
804 1037 935 1071 tamen
956 1032 1161 1072 immutata
1187 1032 1338 1072 videtur
1362 1032 1495 1072 forma
1509 1031 1658 1072 seriore
1678 1037 1816 1072 aetate.

203 1099 391 1152 Sequitur
423 1111 580 1138 carmen
616 1099 795 1151 quintum
829 1099 1024 1139 dec1mnm
1056 1097 1124 1149 (M.
1159 1096 1233 1151 ζ’),
1264 1099 1374 1152 cujus
1406 1098 1598 1139 sententia
1624 1100 1724 1140 haec
1745 1104 1820 1153 est:

84 1173 201 1220 poeta
226 1166 322 1206 nibil
348 1171 459 1206 curat
483 1165 559 1206 nisi
585 1165 768 1206 redimire
794 1171 913 1218 caput
936 1167 1063 1206 roseis
1090 1167 1205 1206 sertis
1224 1171 1340 1219 atque
1361 1166 1529 1219 myrrhis
1551 1166 1716 1210 barbam
1740 1155 1821 1207 ιω·-

86 1247 197 1285 gere,
223 1246 304 1272 non
330 1233 476 1272 invidet
501 1232 605 1272 enim
631 1232 815 1272 divitibus
838 1245 966 1286 neque
981 1233 1175 1286 tyrannis3
1203 1233 1536 1287 crastinum—diem
1564 1234 1694 1283 mittit,
1720 1239 1819 1288 gau'-

87 1303 152 1341 (let
175 1300 382 1349 hodierno,
418 1300 523 1352 quod
550 1300 663 1339 facile
689 1313 784 1352 prae
808 1300 951 1340 morbo
987 1313 1073 1341 cras
1098 1301 1237 1341 bibere
1261 1313 1342 1340 non
1364 1300 1504 1353 possit.
1562 1302 1699 1342 Exstat
1717 1296 1821 1354 quo-

86 1382 161 1422 que
193 1368 231 1407 in
265 1367 500 1418 Anthologia
533 1367 617 1406 Pal.
649 1367 714 1406 XI.
754 1380 793 1419 p.
826 1364 923 1407 333.
958 1381 997 1408 n.
1031 1366 1088 1408 47
1124 1368 1383 1408 Anacreontis
1416 1367 1578 1408 nomine
1616 1368 1821 1421 inscripta.

51 1431 53 1433 ¹
86 1437 235 1492 Duplex
260 1440 390 1474 autem
417 1428 631 1473 suscitatur
654 1435 832 1486 quaestio
859 1435 1004 1484 critica,
1031 1436 1150 1475 altera
1175 1449 1269 1475 num
1306 1436 1479 1489 quinque
1512 1430 1708 1488 postremi
1731 1448 1819 1476 ver-

86 1517 174 1551 sus,
203 1502 270 1555 qui
295 1501 371 1541 nisi
396 1501 436 1540 in
458 1501 581 1541 altero
609 1501 797 1554 Stephani
822 1501 922 1541 libro
946 1508 984 1542 et
1007 1503 1049 1542 in
1075 1503 1210 1543 codice
1235 1502 1413 1542 Palatino
1448 1515 1530 1544 non
1555 1502 1819 1555 reperiuntur,

86 1571 309 1623 pertineant
333 1569 381 1609 ad
407 1574 534 1608 totum
561 1580 743 1618 carmen3
763 1569 882 1609 altera
909 1572 1045 1609 autem'
1071 1570 1110 1609 in
1131 1570 1283 1623 judicio
1310 1570 1358 1609 de
1381 1570 1533 1622 reliquo
1561 1569 1734 1610 carmine
1758 1570 1816 1610 se-

85 1639 208 1677 rendo
234 1641 423 1676 versatur.
474 1635 608 1675 Primo
630 1636 763 1676 statim
786 1637 948 1688 aspectu
970 1637 1129 1676 ultimos
1155 1650 1291 1677 versus
1311 1650 1392 1676 non
1419 1634 1612 1689 quadrare
1635 1637 1685 1677 ad
1703 1642 1816 1677 ante—
1844 1650 1846 1652 ’

87 1696 270 1745 cedentes
297 1708 478 1755 apparet3
515 1703 606 1755 quid
640 1704 743 1742 enim
777 1704 853 1743 sibi
886 1704 966 1743 vult
990 1705 1211 1756 adhortatio
1237 1694 1297 1743 illa
1324 1705 1371 1744 ad
1400 1704 1566 1744 alterum
1586 1705 1700 1753 facta,
1727 1717 1818 1761 cum

86 1778 203 1824 poeta
231 1772 278 1811 de
300 1783 342 1809 se
374 1770 462 1822 ipso
493 1775 643 1812 tantum
664 1771 850 1823 loquatur
876 1776 914 1810 et
934 1771 986 1811 ita
1013 1771 1183 1824 quidem,
1214 1777 1257 1810 ut
1280 1784 1362 1810 non
1389 1771 1530 1811 excitet
1553 1783 1596 1810 se
1616 1763 1748 1824 ipsum
1768 1772 1834 1815 adp

86 1839 333 1888 hilaritatem,
365 1837 435 1878 sed
456 1850 575 1889 quam
607 1837 704 1877 vitae
735 1838 925 1877 rationem
962 1834 1150 1890 sequatur
1179 1837 1364 1878 enarret‘?
1388 1839 1438 1878 At
1461 1851 1578 1891 quam
1600 1839 1819 1879 excitarunt

87 1906 156 1946 viri
179 1905 297 1953 docti,
322 1905 539 1955 Degenius,
564 1904 753 1953 WahliUS,
783 1905 847 1944 alii
869 1906 917 1944 de
938 1911 1177 1945 tesserarum
1199 1906 1575 1953 commemoratione
1602 1905 1815 1946 dubitatio-
1876 1943 1878 1946 .

88 1986 191 2023 nem,
213 1986 257 2013 ea
278 1973 393 2024 plane
425 1972 552 2011 inanis
582 1977 654 2012 est,
685 1984 775 2011 cum
790 1972 879 2024 -jam
911 1973 959 2013 ad
987 1973 1255 2012 Stesichorum
1286 1975 1476 2013 reseratur
1488 1975 1618 2026 jactus
1640 1973 1812 2026 quidam.

86 2043 223 2094 Neque
255 2039 319 2078 καὶ
355 2043 460 2079 nm-
465 2038 531 2078 καὶ
567 2037 710 2079 σπένδε
742 2042 800 2079 τῶ
833 2038 986 2094 Λυαιῳ
1016 2040 1123 2092 quod
1143 2040 1351 2092 conjuncta
1382 2040 1472 2089 sint,
1493 2045 1637 2092 poetae
1657 2040 1811 2080 crimini

87 2106 280 2155 verteiim,
304 2119 394 2146 cum
414 2119 495 2145 non
515 2119 622 2146 mera
644 2106 695 2145 sit
714 2106 906 2158 repetitio,
916 2105 1046 2146 modo
1068 2120 1118 2147 ne
1138 2106 1231 2146 illud
1252 2104 1432 2146 angiam
1444 2107 1648 2159 allegorice
1668 2107 1829 2170 intelli-'

88 2182 212 2228 gatur.
255 2175 421 2213 Metrum
442 2159 557 2226 plane
580 2173 682 2214 aliud
709 2178 789 2222 est,
812 2173 878 2226 qui
903 2175 1140 2214 antecedunt
1151 2187 1263 2213 enirn
1289 2187 1334 2214 ex
1354 2172 1496 2214 iambis
1518 2180 1702 2215 constant
1720 2187 1808 2216 ver—

89 2257 170 2291 sus,
201 2255 290 2282 cum
319 2241 492 2293 quinque
520 2241 572 2288 illi
599 2255 643 2280 ex
669 2241 810 2281 ionicis
837 2242 1019 2282 anacrusi
1047 2246 1247 2281 contracta
1271 2241 1480 2293 compositi
1501 2241 1591 2282 sint.
1652 2242 1696 2282 Id
1720 2242 1808 2295 qui-

88 2312 178 2351 dem
193 2310 376 2356 constat,
408 2321 543 2347 versus
565 2308 738 2360 quinque
767 2309 816 2348 ad
840 2309 1075 2348 antecedens
1097 2321 1253 2348 carmen
1281 2322 1302 2348 a
1321 2308 1480 2348 librario
1503 2314 1571 2349 aut
1588 2308 1637 2349 ah
1659 2322 1720 2358 eo,
1741 2310 1809 2362 qui

89 2377 243 2428 collegit
264 2375 448 2427 carmina,
471 2375 675 2427 appositos
696 2389 795 2425 esse,
818 2381 861 2415 ut
886 2375 1231 2427 interrogationiin
1252 2376 1330 2432 fine
1350 2376 1502 2428 positae
1525 2377 1812 2429 responderent

89 2445 140 2484 οἲ.
159 2444 290 2483 Fisch.
318 2444 378 2482 ed.
400 2443 447 2482 ll.
474 2455 513 2494 p.
533 2440 616 2491 41.,
644 2442 899 2482 nihilominus
925 2443 1019 2483 satis
1041 2431 1190 2494 antiqui
1210 2443 1391 2482 videntur
1409 2455 1498 2482 esse
1523 2432 1580 2484 clf
1599 2445 1728 2484 Bothe
1748 2445 1809 2484 ed.
1836 2435 1842 2441 ⁴

87 2514 160 2551 An.
194 2525 233 2563 p.
266 2507 359 2550 139.
382 2510 532 2549 Peerlk'.
564 2523 604 2561 p.
630 2506 724 2549 156.
747 2533 801 2539 —
834 2510 1001 2550 Alterius
1033 2510 1273 2562 quaestionis
1305 2523 1459 2551 summa
1483 2511 1524 2550 in
1552 2519 1598 2551 eo
1619 2517 1826 2560 versatur,.

89 2579 194 2631 quod
214 2577 439 2616 Archilochi
469 2582 674 2617 se1vantu1
704 2575 840 2617 versus
862 2567 1059 2626 simillimi,
1081 2590 1250 2630 quorum
1274 2579 1357 2631 jam
1388 2578 1612 2619 Herodotus
1638 2578 1809 2620 mentio-

67 2656 177 2686 ·nem
210 2645 300 2684 facit
338 2645 366 2691 Ι,
397 2642 461 2693 12
496 2644 599 2696 iique
627 2645 674 2684 ab
706 2645 912 2685 Aristotele
944 2645 1054 2684 Rhet.
1081 2645 1146 2693 ΙΙΙ,
1171 2642 1225 2684 17
1253 2646 1422 2686 citantur
1463 2647 1510 2686 cf.
1543 2646 1684 2698 Bergk.
1718 2645 1809 2699 Lyr.

90 2713 154 2752 Gr.
178 2726 215 2764 p.
236 2709 340 2752 472:
1156 2757 1160 2761 .
1335 2738 1340 2744 ·

335 2776 418 2817 0ἰῖ
442 2791 512 2828 μοι
540 2776 588 2818 τὰ
622 2776 755 2831 Γύγεω
781 2783 852 2818 τοῦ
878 2777 1135 2832 πολυχρύσου
1159 2782 1268 2831 μέλει

361 2844 446 2884 οὐδ’
475 2841 550 2885 εἷλε
576 2842 637 2884 πυί
661 2861 710 2896 με
738 2846 853 2897 ζῆλος
878 2844 963 2886 οὔδ’
993 2845 1186 2899 ἀγαίομαι

362 2916 471 2953 θεῶν
491 2912 586 2965 ἔργα
612 2911 791 2965 μεγάλης
818 2911 940 2952 δὀὐκ
966 2912 1063 2968 ἐρέω
1088 2914 1326 2967 τυραννίὸός

361 2979 598 3032 (ἱπτιπριιθ-«ἓν
624 2979 700 3032 γὰρ
728 2979 835 3020 :Your
862 2980 1095 3033 qunAanv
1121 2973 1240 3033 ἐμῶν.
