<?xml version="1.0" encoding="UTF-8"?>
<!DOCTYPE html PUBLIC "-//W3C//DTD XHTML 1.0 Transitional//EN"
    "http://www.w3.org/TR/xhtml1/DTD/xhtml1-transitional.dtd">
<html xmlns="http://www.w3.org/1999/xhtml" xml:lang="en" lang="en">
 <head>
  <title>
</title>
<meta http-equiv="Content-Type" content="text/html;charset=utf-8" />
  <meta name='ocr-system' content='tesseract 3.04.00' />
  <meta name='ocr-capabilities' content='ocr_page ocr_carea ocr_par ocr_line ocrx_word'/>
</head>
<body>
  <div class='ocr_page' id='page_1' title='image "./quaestionumanacr00staruoft_0072.png"; bbox 0 0 1910 3268; ppageno 0'>
   <div class='ocr_carea' id='block_1_1' title="bbox 924 115 981 160">
    <p class='ocr_par' dir='ltr' id='par_1_1' title="bbox 924 115 981 160">
     <span class='ocr_line' id='line_1_1' title="bbox 924 115 981 160; baseline 0 0"><span class='ocrx_word' id='word_1_1' title='bbox 924 115 981 160; x_wconf 78' lang='lat'><strong>60</strong></span> 
     </span>
    </p>
   </div>
   <div class='ocr_carea' id='block_1_2' title="bbox 858 181 1060 188">
    <p class='ocr_par' dir='ltr' id='par_1_2' title="bbox 858 181 1060 188">
     <span class='ocr_line' id='line_1_2' title="bbox 858 181 1060 188; baseline 0 3080"><span class='ocrx_word' id='word_1_2' title='bbox 858 181 1060 188; x_wconf 95' lang='lat' dir='ltr'><strong> </strong></span> 
     </span>
    </p>
   </div>
   <div class='ocr_carea' id='block_1_3' title="bbox 94 239 1910 2986">
    <p class='ocr_par' dir='ltr' id='par_1_3' title="bbox 94 239 1840 1977">
     <span class='ocr_line' id='line_1_3' title="bbox 207 239 1819 295; baseline -0.001 -12"><span class='ocrx_word' id='word_1_3' title='bbox 207 242 339 283; x_wconf 84' lang='lat' dir='ltr'><strong>Restat</strong></span> <span class='ocrx_word' id='word_1_4' title='bbox 364 243 493 283; x_wconf 89' lang='lat' dir='ltr'><strong>adhuc</strong></span> <span class='ocrx_word' id='word_1_5' title='bbox 515 242 691 282; x_wconf 88' lang='lat' dir='ltr'><strong>odarium</strong></span> <span class='ocrx_word' id='word_1_6' title='bbox 727 248 878 282; x_wconf 86' lang='lat' dir='ltr'><strong>sextum</strong></span> <span class='ocrx_word' id='word_1_7' title='bbox 905 239 1035 295; x_wconf 82' lang='grc' dir='ltr'>(μα’),</span> <span class='ocrx_word' id='word_1_8' title='bbox 1062 244 1168 295; x_wconf 84' lang='lat' dir='ltr'><strong>quod</strong></span> <span class='ocrx_word' id='word_1_9' title='bbox 1200 256 1294 283; x_wconf 90' lang='lat' dir='ltr'><strong>num</strong></span> <span class='ocrx_word' id='word_1_10' title='bbox 1320 244 1411 283; x_wconf 88' lang='lat' dir='ltr'><strong>huic</strong></span> <span class='ocrx_word' id='word_1_11' title='bbox 1443 243 1574 295; x_wconf 83' lang='lat' dir='ltr'><strong>generi</strong></span> <span class='ocrx_word' id='word_1_12' title='bbox 1599 256 1648 282; x_wconf 84' lang='lat' dir='ltr'><strong>an</strong></span> <span class='ocrx_word' id='word_1_13' title='bbox 1674 242 1819 295; x_wconf 83' lang='lat' dir='ltr'><strong>edylliis</strong></span> 
     </span>
     <span class='ocr_line' id='line_1_4' title="bbox 94 308 1816 363; baseline -0.001 -12"><span class='ocrx_word' id='word_1_14' title='bbox 94 310 177 351; x_wconf 87' lang='lat' dir='ltr'><strong>istis</strong></span> <span class='ocrx_word' id='word_1_15' title='bbox 199 310 503 351; x_wconf 88' lang='lat' dir='ltr'><strong>adscribendum</strong></span> <span class='ocrx_word' id='word_1_16' title='bbox 539 309 590 349; x_wconf 90' lang='lat' dir='ltr'><strong>sit</strong></span> <span class='ocrx_word' id='word_1_17' title='bbox 620 308 788 348; x_wconf 89' lang='lat' dir='ltr'><strong>dubitari</strong></span> <span class='ocrx_word' id='word_1_18' title='bbox 812 314 966 361; x_wconf 81' lang='lat' dir='ltr'><strong>potest3</strong></span> <span class='ocrx_word' id='word_1_19' title='bbox 1000 315 1178 350; x_wconf 87' lang='lat' dir='ltr'><strong>versatur</strong></span> <span class='ocrx_word' id='word_1_20' title='bbox 1211 311 1315 350; x_wconf 90' lang='lat' dir='ltr'><strong>enim</strong></span> <span class='ocrx_word' id='word_1_21' title='bbox 1347 317 1462 363; x_wconf 88' lang='lat' dir='ltr'><strong>poeta</strong></span> <span class='ocrx_word' id='word_1_22' title='bbox 1498 311 1535 350; x_wconf 92' lang='lat' dir='ltr'><strong>in</strong></span> <span class='ocrx_word' id='word_1_23' title='bbox 1559 309 1816 350; x_wconf 89' lang='lat' dir='ltr'><strong>describenda</strong></span> 
     </span>
     <span class='ocr_line' id='line_1_5' title="bbox 96 376 1821 430; baseline -0.001 -13"><span class='ocrx_word' id='word_1_24' title='bbox 96 378 441 423; x_wconf 87' lang='lat' dir='ltr'><strong>commissatione‚</strong></span> <span class='ocrx_word' id='word_1_25' title='bbox 476 376 544 416; x_wconf 92' lang='lat' dir='ltr'><strong>ubi</strong></span> <span class='ocrx_word' id='word_1_26' title='bbox 580 376 704 416; x_wconf 89' lang='lat' dir='ltr'><strong>roseis</strong></span> <span class='ocrx_word' id='word_1_27' title='bbox 739 377 898 415; x_wconf 91' lang='lat' dir='ltr'><strong>coronis</strong></span> <span class='ocrx_word' id='word_1_28' title='bbox 933 377 1050 416; x_wconf 89' lang='lat' dir='ltr'><strong>cincti</strong></span> <span class='ocrx_word' id='word_1_29' title='bbox 1078 377 1275 429; x_wconf 82' lang='lat' dir='ltr'><strong>jocantur,</strong></span> <span class='ocrx_word' id='word_1_30' title='bbox 1311 378 1404 418; x_wconf 85' lang='lat' dir='ltr'><strong>dum</strong></span> <span class='ocrx_word' id='word_1_31' title='bbox 1431 378 1572 430; x_wconf 89' lang='lat' dir='ltr'><strong>puella,</strong></span> <span class='ocrx_word' id='word_1_32' title='bbox 1599 378 1647 417; x_wconf 88' lang='lat' dir='ltr'><strong>ad</strong></span> <span class='ocrx_word' id='word_1_33' title='bbox 1678 376 1821 417; x_wconf 77' lang='lat' dir='ltr'>barbiti</span> 
     </span>
     <span class='ocr_line' id='line_1_6' title="bbox 95 443 1823 498; baseline -0.001 -14"><span class='ocrx_word' id='word_1_34' title='bbox 95 458 238 484; x_wconf 88' lang='lat' dir='ltr'><strong>sonum</strong></span> <span class='ocrx_word' id='word_1_35' title='bbox 264 445 440 496; x_wconf 75' lang='lat' dir='ltr'><strong>thyrsum</strong></span> <span class='ocrx_word' id='word_1_36' title='bbox 467 455 605 493; x_wconf 82' lang='lat' dir='ltr'><strong>gerens</strong></span> <span class='ocrx_word' id='word_1_37' title='bbox 641 443 775 491; x_wconf 86' lang='lat' dir='ltr'><strong>saltat,</strong></span> <span class='ocrx_word' id='word_1_38' title='bbox 807 443 961 496; x_wconf 89' lang='lat' dir='ltr'><strong>juvenis</strong></span> <span class='ocrx_word' id='word_1_39' title='bbox 993 449 1124 484; x_wconf 89' lang='lat' dir='ltr'><strong>autem</strong></span> <span class='ocrx_word' id='word_1_40' title='bbox 1144 445 1297 496; x_wconf 87' lang='lat' dir='ltr'><strong>pectida</strong></span> <span class='ocrx_word' id='word_1_41' title='bbox 1322 445 1485 498; x_wconf 88' lang='lat' dir='ltr'><strong>pulsans</strong></span> <span class='ocrx_word' id='word_1_42' title='bbox 1511 450 1663 493; x_wconf 70' lang='lat' dir='ltr'><strong>cantat3</strong></span> <span class='ocrx_word' id='word_1_43' title='bbox 1696 457 1747 483; x_wconf 89' lang='lat' dir='ltr'><strong>ne</strong></span> <span class='ocrx_word' id='word_1_44' title='bbox 1770 443 1823 483; x_wconf 89' lang='lat' dir='ltr'><strong>dii</strong></span> 
     </span>
     <span class='ocr_line' id='line_1_7' title="bbox 94 503 1819 564; baseline -0.001 -14"><span class='ocrx_word' id='word_1_45' title='bbox 94 511 252 563; x_wconf 88' lang='lat' dir='ltr'><strong>quidem</strong></span> <span class='ocrx_word' id='word_1_46' title='bbox 276 510 420 558; x_wconf 89' lang='lat' dir='ltr'><strong>Amor,</strong></span> <span class='ocrx_word' id='word_1_47' title='bbox 456 510 655 558; x_wconf 86' lang='lat' dir='ltr'><strong>Bacchus,</strong></span> <span class='ocrx_word' id='word_1_48' title='bbox 690 510 819 561; x_wconf 74' lang='lat' dir='ltr'><strong>Venus</strong></span> <span class='ocrx_word' id='word_1_49' title='bbox 854 511 999 550; x_wconf 88' lang='lat' dir='ltr'><strong>absunt</strong></span> <span class='ocrx_word' id='word_1_50' title='bbox 1023 525 1044 550; x_wconf 91' lang='lat' dir='ltr'><strong>a</strong></span> <span class='ocrx_word' id='word_1_51' title='bbox 1070 512 1427 562; x_wconf 49' lang='lat' dir='ltr'><strong>commissatione„</strong></span> <span class='ocrx_word' id='word_1_52' title='bbox 1453 513 1690 564; x_wconf 81' lang='lat' dir='ltr'><strong>Quanquam</strong></span> <span class='ocrx_word' id='word_1_53' title='bbox 1711 503 1819 550; x_wconf 34' lang='lat' dir='ltr'><strong>&#39;enim</strong></span> 
     </span>
     <span class='ocr_line' id='line_1_8' title="bbox 96 576 1823 631; baseline -0.001 -14"><span class='ocrx_word' id='word_1_54' title='bbox 96 577 284 617; x_wconf 76' lang='lat' dir='ltr'>describit</span> <span class='ocrx_word' id='word_1_55' title='bbox 321 582 440 629; x_wconf 89' lang='lat' dir='ltr'><strong>poeta</strong></span> <span class='ocrx_word' id='word_1_56' title='bbox 474 576 707 628; x_wconf 80' lang='lat' dir='ltr'>imaginem,</span> <span class='ocrx_word' id='word_1_57' title='bbox 754 583 884 617; x_wconf 88' lang='lat' dir='ltr'><strong>tamen</strong></span> <span class='ocrx_word' id='word_1_58' title='bbox 922 578 1139 618; x_wconf 81' lang='lat' dir='ltr'>exhortatio</span> <span class='ocrx_word' id='word_1_59' title='bbox 1175 580 1367 631; x_wconf 80' lang='lat' dir='ltr'><strong>quaedam</strong></span> <span class='ocrx_word' id='word_1_60' title='bbox 1402 579 1450 619; x_wconf 87' lang='lat' dir='ltr'><strong>ad</strong></span> <span class='ocrx_word' id='word_1_61' title='bbox 1487 577 1823 618; x_wconf 88' lang='lat' dir='ltr'><strong>commissandum</strong></span> 
     </span>
     <span class='ocr_line' id='line_1_9' title="bbox 96 643 1825 697; baseline 0.001 -14"><span class='ocrx_word' id='word_1_62' title='bbox 96 644 193 684; x_wconf 92' lang='lat' dir='ltr'><strong>mihi</strong></span> <span class='ocrx_word' id='word_1_63' title='bbox 217 644 370 683; x_wconf 88' lang='lat' dir='ltr'><strong>videtur</strong></span> <span class='ocrx_word' id='word_1_64' title='bbox 393 643 542 692; x_wconf 83' lang='lat' dir='ltr'><strong>inesse,</strong></span> <span class='ocrx_word' id='word_1_65' title='bbox 589 656 665 695; x_wconf 87' lang='lat' dir='ltr'><strong>qua</strong></span> <span class='ocrx_word' id='word_1_66' title='bbox 691 657 833 684; x_wconf 82' lang='lat' dir='ltr'><strong>caussa</strong></span> <span class='ocrx_word' id='word_1_67' title='bbox 861 645 1003 684; x_wconf 75' lang='lat' dir='ltr'><strong>(luctus</strong></span> <span class='ocrx_word' id='word_1_68' title='bbox 1027 646 1105 684; x_wconf 88' lang='lat' dir='ltr'><strong>hoc</strong></span> <span class='ocrx_word' id='word_1_69' title='bbox 1129 646 1218 685; x_wconf 91' lang='lat' dir='ltr'><strong>loco</strong></span> <span class='ocrx_word' id='word_1_70' title='bbox 1246 647 1423 686; x_wconf 77' lang='lat' dir='ltr'><strong>odai-ium</strong></span> <span class='ocrx_word' id='word_1_71' title='bbox 1447 646 1589 686; x_wconf 83' lang='lat' dir='ltr'><strong>addidi.</strong></span> <span class='ocrx_word' id='word_1_72' title='bbox 1637 645 1714 684; x_wconf 87' lang='lat' dir='ltr'><strong>Res</strong></span> <span class='ocrx_word' id='word_1_73' title='bbox 1739 643 1825 697; x_wconf 88' lang='lat' dir='ltr'><strong>ipsa</strong></span> 
     </span>
     <span class='ocr_line' id='line_1_10' title="bbox 96 710 1824 766; baseline 0 -15"><span class='ocrx_word' id='word_1_74' title='bbox 96 725 117 751; x_wconf 92' lang='lat' dir='ltr'><strong>a</strong></span> <span class='ocrx_word' id='word_1_75' title='bbox 144 711 384 751; x_wconf 88' lang='lat' dir='ltr'><strong>Graecorum</strong></span> <span class='ocrx_word' id='word_1_76' title='bbox 416 723 528 750; x_wconf 90' lang='lat' dir='ltr'><strong>more</strong></span> <span class='ocrx_word' id='word_1_77' title='bbox 562 710 723 751; x_wconf 92' lang='lat' dir='ltr'><strong>minime</strong></span> <span class='ocrx_word' id='word_1_78' title='bbox 757 712 962 761; x_wconf 83' lang='lat' dir='ltr'><strong>abhorret,</strong></span> <span class='ocrx_word' id='word_1_79' title='bbox 1003 713 1123 752; x_wconf 90' lang='lat' dir='ltr'><strong>modo</strong></span> <span class='ocrx_word' id='word_1_80' title='bbox 1148 714 1422 766; x_wconf 80' lang='lat' dir='ltr'>Xenophontis</span> <span class='ocrx_word' id='word_1_81' title='bbox 1458 713 1679 752; x_wconf 88' lang='lat' dir='ltr'><strong>convivium</strong></span> <span class='ocrx_word' id='word_1_82' title='bbox 1714 724 1824 751; x_wconf 87' lang='lat' dir='ltr'><strong>com—</strong></span> 
     </span>
     <span class='ocr_line' id='line_1_11' title="bbox 97 775 1828 834; baseline 0 -16"><span class='ocrx_word' id='word_1_83' title='bbox 97 791 232 831; x_wconf 88' lang='lat' dir='ltr'><strong>pares,</strong></span> <span class='ocrx_word' id='word_1_84' title='bbox 258 777 326 817; x_wconf 91' lang='lat' dir='ltr'><strong>ubi</strong></span> <span class='ocrx_word' id='word_1_85' title='bbox 352 790 386 817; x_wconf 90' lang='lat' dir='ltr'><strong>c.</strong></span> <span class='ocrx_word' id='word_1_86' title='bbox 413 775 453 826; x_wconf 81' lang='grc'><strong>2,</strong></span> <span class='ocrx_word' id='word_1_87' title='bbox 480 775 503 817; x_wconf 95' lang='grc'><strong>1</strong></span> <span class='ocrx_word' id='word_1_88' title='bbox 537 778 635 817; x_wconf 88' lang='lat' dir='ltr'><strong>haec</strong></span> <span class='ocrx_word' id='word_1_89' title='bbox 664 779 867 830; x_wconf 85' lang='lat' dir='ltr'><strong>leguntur:</strong></span> <span class='ocrx_word' id='word_1_90' title='bbox 905 775 959 825; x_wconf 82' lang='grc' dir='ltr'><strong>ὡς</strong></span> <span class='ocrx_word' id='word_1_91' title='bbox 984 777 1295 834; x_wconf 65' lang='grc' dir='ltr'><strong>ὸίἰιφῃρίθησαν</strong></span> <span class='ocrx_word' id='word_1_92' title='bbox 1323 779 1362 819; x_wconf 81' lang='grc' dir='ltr'><strong>αἱ</strong></span> <span class='ocrx_word' id='word_1_93' title='bbox 1388 777 1576 833; x_wconf 75' lang='grc' dir='ltr'><strong>τράπεζαι</strong></span> <span class='ocrx_word' id='word_1_94' title='bbox 1607 778 1671 819; x_wconf 74' lang='grc' dir='ltr'><strong>καὶ</strong></span> <span class='ocrx_word' id='word_1_95' title='bbox 1698 777 1828 818; x_wconf 70' lang='grc' dir='ltr'><em>ἐσπεί-</em></span> 
     </span>
     <span class='ocr_line' id='line_1_12' title="bbox 97 841 1827 900; baseline -0.001 -16"><span class='ocrx_word' id='word_1_96' title='bbox 97 859 221 885; x_wconf 84' lang='grc' dir='ltr'><strong><em>σαντο</em></strong></span> <span class='ocrx_word' id='word_1_97' title='bbox 247 845 312 884; x_wconf 81' lang='grc' dir='ltr'><strong>καὶ</strong></span> <span class='ocrx_word' id='word_1_98' title='bbox 340 841 605 893; x_wconf 72' lang='grc' dir='ltr'><em>ἐπαιάνισαν,</em></span> <span class='ocrx_word' id='word_1_99' title='bbox 637 843 798 897; x_wconf 72' lang='grc' dir='ltr'><em>ἔρχεταί</em></span> <span class='ocrx_word' id='word_1_100' title='bbox 827 861 887 895; x_wconf 81' lang='grc' dir='ltr'><strong>τις</strong></span> <span class='ocrx_word' id='word_1_101' title='bbox 922 846 1059 895; x_wconf 70' lang='grc' dir='ltr'><strong><em>αὐτοῖς</em></strong></span> <span class='ocrx_word' id='word_1_102' title='bbox 1084 848 1146 888; x_wconf 72' lang='grc' dir='ltr'><strong>ἐπὶ</strong></span> <span class='ocrx_word' id='word_1_103' title='bbox 1172 851 1307 899; x_wconf 76' lang='grc' dir='ltr'><em>κῶμον</em></span> <span class='ocrx_word' id='word_1_104' title='bbox 1329 844 1582 900; x_wconf 72' lang='grc' dir='ltr'><strong><em>Συρακόσιος</em></strong></span> <span class='ocrx_word' id='word_1_105' title='bbox 1605 844 1827 898; x_wconf 71' lang='grc' dir='ltr'><strong>ἅνθρωπος</strong></span> 
     </span>
     <span class='ocr_line' id='line_1_13' title="bbox 98 910 1829 966; baseline 0 -15"><span class='ocrx_word' id='word_1_106' title='bbox 98 910 200 965; x_wconf 63' lang='grc' dir='ltr'><strong>ἔχων</strong></span> <span class='ocrx_word' id='word_1_107' title='bbox 231 928 272 953; x_wconf 76' lang='grc' dir='ltr'><strong>τε</strong></span> <span class='ocrx_word' id='word_1_108' title='bbox 306 911 533 964; x_wconf 66' lang='grc' dir='ltr'><strong><em>αὐλητρίδα</em></strong></span> <span class='ocrx_word' id='word_1_109' title='bbox 574 910 740 966; x_wconf 72' lang='grc' dir='ltr'><em>ἀγαθὴν</em></span> <span class='ocrx_word' id='word_1_110' title='bbox 774 912 840 953; x_wconf 83' lang='grc' dir='ltr'><strong>καὶ</strong></span> <span class='ocrx_word' id='word_1_111' title='bbox 876 912 1121 966; x_wconf 77' lang='grc' dir='ltr'><em>ὀρχηστρίδα</em></span> <span class='ocrx_word' id='word_1_112' title='bbox 1155 918 1237 954; x_wconf 80' lang='grc' dir='ltr'><strong>τῶν</strong></span> <span class='ocrx_word' id='word_1_113' title='bbox 1270 914 1321 955; x_wconf 78' lang='grc' dir='ltr'><strong>τὰ</strong></span> <span class='ocrx_word' id='word_1_114' title='bbox 1355 911 1558 966; x_wconf 73' lang='grc' dir='ltr'><strong><em>θαύματα</em></strong></span> <span class='ocrx_word' id='word_1_115' title='bbox 1593 912 1829 964; x_wconf 72' lang='grc' dir='ltr'><strong><em>δυναμένων</em></strong></span> 
     </span>
     <span class='ocr_line' id='line_1_14' title="bbox 98 974 1831 1036; baseline 0 -17"><span class='ocrx_word' id='word_1_116' title='bbox 98 974 225 1019; x_wconf 65' lang='grc' dir='ltr'><em>ποιεῖι)</em></span> <span class='ocrx_word' id='word_1_117' title='bbox 243 978 310 1019; x_wconf 73' lang='grc' dir='ltr'><strong>καὶ</strong></span> <span class='ocrx_word' id='word_1_118' title='bbox 337 980 464 1019; x_wconf 75' lang='grc' dir='ltr'><em>παῖδα</em></span> <span class='ocrx_word' id='word_1_119' title='bbox 488 976 597 1019; x_wconf 81' lang='grc' dir='ltr'>πάνυ</span> <span class='ocrx_word' id='word_1_120' title='bbox 622 994 663 1033; x_wconf 76' lang='grc' dir='ltr'><strong>γε</strong></span> <span class='ocrx_word' id='word_1_121' title='bbox 689 976 841 1033; x_wconf 73' lang='grc' dir='ltr'><em>ὡραῖον</em></span> <span class='ocrx_word' id='word_1_122' title='bbox 865 982 930 1020; x_wconf 82' lang='grc' dir='ltr'><strong>καὶ</strong></span> <span class='ocrx_word' id='word_1_123' title='bbox 956 978 1063 1022; x_wconf 62' lang='grc' dir='ltr'><strong>πάνυ</strong></span> <span class='ocrx_word' id='word_1_124' title='bbox 1089 983 1224 1029; x_wconf 81' lang='grc' dir='ltr'><em>καλῶς</em></span> <span class='ocrx_word' id='word_1_125' title='bbox 1243 979 1511 1036; x_wconf 66' lang='grc' dir='ltr'><em>κιθαρίζοντά</em></span> <span class='ocrx_word' id='word_1_126' title='bbox 1532 997 1574 1023; x_wconf 80' lang='grc' dir='ltr'><strong>τε</strong></span> <span class='ocrx_word' id='word_1_127' title='bbox 1591 981 1656 1022; x_wconf 84' lang='grc' dir='ltr'><strong>καὶ</strong></span> <span class='ocrx_word' id='word_1_128' title='bbox 1683 976 1831 1033; x_wconf 78' lang='grc' dir='ltr'><strong><em>ὀρχού-</em></strong></span> 
     </span>
     <span class='ocr_line' id='line_1_15' title="bbox 98 1044 1830 1102; baseline 0.001 -16"><span class='ocrx_word' id='word_1_129' title='bbox 98 1061 234 1098; x_wconf 76' lang='grc' dir='ltr'><strong><em>μενον.</em></strong></span> <span class='ocrx_word' id='word_1_130' title='bbox 260 1069 328 1087; x_wconf 84' lang='grc'><strong>--.</strong></span> <span class='ocrx_word' id='word_1_131' title='bbox 356 1046 437 1086; x_wconf 72' lang='grc' dir='ltr'><strong>ἐπεὶ</strong></span> <span class='ocrx_word' id='word_1_132' title='bbox 472 1045 516 1086; x_wconf 77' lang='grc' dir='ltr'><strong>δὲ</strong></span> <span class='ocrx_word' id='word_1_133' title='bbox 549 1045 688 1093; x_wconf 78' lang='grc' dir='ltr'><strong><em>αὐτοῖς</em></strong></span> <span class='ocrx_word' id='word_1_134' title='bbox 712 1044 736 1100; x_wconf 76' lang='grc' dir='ltr'>ἡ</span> <span class='ocrx_word' id='word_1_135' title='bbox 760 1047 836 1098; x_wconf 60' lang='grc' dir='ltr'><strong>μὲν</strong></span> <span class='ocrx_word' id='word_1_136' title='bbox 867 1048 1058 1100; x_wconf 75' lang='grc' dir='ltr'><strong>αὐλητρὶς</strong></span> <span class='ocrx_word' id='word_1_137' title='bbox 1092 1047 1266 1102; x_wconf 68' lang='grc' dir='ltr'><strong>ηὔλησεν</strong></span> <span class='ocrx_word' id='word_1_138' title='bbox 1292 1046 1313 1089; x_wconf 79' lang='grc' dir='ltr'><em>ὃ</em></span> <span class='ocrx_word' id='word_1_139' title='bbox 1338 1048 1381 1089; x_wconf 78' lang='grc' dir='ltr'><strong>δὲ</strong></span> <span class='ocrx_word' id='word_1_140' title='bbox 1406 1054 1500 1098; x_wconf 78' lang='grc' dir='ltr'><em>παῖς</em></span> <span class='ocrx_word' id='word_1_141' title='bbox 1531 1045 1735 1099; x_wconf 74' lang='grc' dir='ltr'><em>ἐκιθάρισε</em></span> <span class='ocrx_word' id='word_1_142' title='bbox 1760 1070 1830 1087; x_wconf 85' lang='lat'><strong>-—-.</strong></span> 
     </span>
     <span class='ocr_line' id='line_1_16' title="bbox 100 1114 1831 1171; baseline 0 -17"><span class='ocrx_word' id='word_1_143' title='bbox 100 1115 150 1154; x_wconf 88' lang='lat' dir='ltr'><strong>At</strong></span> <span class='ocrx_word' id='word_1_144' title='bbox 174 1114 266 1167; x_wconf 88' lang='lat' dir='ltr'><strong>quid</strong></span> <span class='ocrx_word' id='word_1_145' title='bbox 292 1115 367 1154; x_wconf 91' lang='lat' dir='ltr'><strong>sibi</strong></span> <span class='ocrx_word' id='word_1_146' title='bbox 391 1115 529 1154; x_wconf 89' lang='lat' dir='ltr'><strong>volunt</strong></span> <span class='ocrx_word' id='word_1_147' title='bbox 560 1115 611 1154; x_wconf 84' lang='lat' dir='ltr'><strong>dii</strong></span> <span class='ocrx_word' id='word_1_148' title='bbox 644 1115 682 1153; x_wconf 90' lang='lat' dir='ltr'><strong>in</strong></span> <span class='ocrx_word' id='word_1_149' title='bbox 719 1121 889 1156; x_wconf 85' lang='lat' dir='ltr'><strong>extrema</strong></span> <span class='ocrx_word' id='word_1_150' title='bbox 926 1118 1089 1171; x_wconf 87' lang='lat' dir='ltr'><strong>stropha</strong></span> <span class='ocrx_word' id='word_1_151' title='bbox 1123 1120 1260 1169; x_wconf 80' lang='grc' dir='ltr'><em>κῶμον</em></span> <span class='ocrx_word' id='word_1_152' title='bbox 1298 1117 1536 1170; x_wconf 76' lang='lat' dir='ltr'><strong>sequentes?</strong></span> <span class='ocrx_word' id='word_1_153' title='bbox 1582 1118 1691 1157; x_wconf 89' lang='lat' dir='ltr'><strong>Duae</strong></span> <span class='ocrx_word' id='word_1_154' title='bbox 1715 1114 1831 1155; x_wconf 91' lang='lat' dir='ltr'><strong>nobis</strong></span> 
     </span>
     <span class='ocr_line' id='line_1_17' title="bbox 105 1181 1832 1238; baseline -0.001 -16"><span class='ocrx_word' id='word_1_155' title='bbox 105 1187 258 1222; x_wconf 85' lang='lat' dir='ltr'><strong>exstant</strong></span> <span class='ocrx_word' id='word_1_156' title='bbox 283 1182 500 1234; x_wconf 87' lang='lat' dir='ltr'><strong>explicandi</strong></span> <span class='ocrx_word' id='word_1_157' title='bbox 533 1181 720 1231; x_wconf 77' lang='lat' dir='ltr'><strong>rationes,</strong></span> <span class='ocrx_word' id='word_1_158' title='bbox 747 1188 791 1222; x_wconf 90' lang='lat' dir='ltr'><strong>ut</strong></span> <span class='ocrx_word' id='word_1_159' title='bbox 822 1189 889 1224; x_wconf 85' lang='lat' dir='ltr'><strong>aut</strong></span> <span class='ocrx_word' id='word_1_160' title='bbox 907 1184 1071 1237; x_wconf 84' lang='lat' dir='ltr'><strong>juvenes</strong></span> <span class='ocrx_word' id='word_1_161' title='bbox 1098 1186 1261 1225; x_wconf 87' lang='lat' dir='ltr'><strong>deorum</strong></span> <span class='ocrx_word' id='word_1_162' title='bbox 1287 1198 1480 1238; x_wconf 77' lang='lat' dir='ltr'><strong>personas</strong></span> <span class='ocrx_word' id='word_1_163' title='bbox 1507 1189 1665 1236; x_wconf 84' lang='lat' dir='ltr'><strong>agentes</strong></span> <span class='ocrx_word' id='word_1_164' title='bbox 1689 1182 1832 1223; x_wconf 89' lang='lat' dir='ltr'><strong>intelli-</strong></span> 
     </span>
     <span class='ocr_line' id='line_1_18' title="bbox 103 1249 1831 1306; baseline 0.001 -18"><span class='ocrx_word' id='word_1_165' title='bbox 103 1262 241 1301; x_wconf 83' lang='lat' dir='ltr'><strong>gamus</strong></span> <span class='ocrx_word' id='word_1_166' title='bbox 291 1262 380 1289; x_wconf 88' lang='lat' dir='ltr'><strong>cum</strong></span> <span class='ocrx_word' id='word_1_167' title='bbox 416 1249 532 1289; x_wconf 85' lang='lat' dir='ltr'><strong>Fabri</strong></span> <span class='ocrx_word' id='word_1_168' title='bbox 566 1250 664 1298; x_wconf 86' lang='lat' dir='ltr'><strong>filia,</strong></span> <span class='ocrx_word' id='word_1_169' title='bbox 709 1263 809 1302; x_wconf 89' lang='lat' dir='ltr'><strong>quae</strong></span> <span class='ocrx_word' id='word_1_170' title='bbox 833 1252 1013 1292; x_wconf 90' lang='lat' dir='ltr'><strong>nominat</strong></span> <span class='ocrx_word' id='word_1_171' title='bbox 1051 1266 1157 1301; x_wconf 84' lang='lat' dir='ltr'><strong>„une</strong></span> <span class='ocrx_word' id='word_1_172' title='bbox 1181 1253 1482 1306; x_wconf 84' lang='lat' dir='ltr'><strong>masqucrade‘·‚</strong></span> <span class='ocrx_word' id='word_1_173' title='bbox 1519 1250 1831 1304; x_wconf 86' lang='lat' dir='ltr'><strong>Longepetraeo‚</strong></span> 
     </span>
     <span class='ocr_line' id='line_1_19' title="bbox 104 1316 1832 1371; baseline 0.001 -16"><span class='ocrx_word' id='word_1_174' title='bbox 104 1316 275 1368; x_wconf 54' lang='lat' dir='ltr'><strong>Moebiof</strong></span> <span class='ocrx_word' id='word_1_175' title='bbox 302 1322 369 1356; x_wconf 90' lang='lat' dir='ltr'><strong>aut</strong></span> <span class='ocrx_word' id='word_1_176' title='bbox 392 1322 551 1369; x_wconf 89' lang='lat' dir='ltr'><strong>poetam</strong></span> <span class='ocrx_word' id='word_1_177' title='bbox 574 1317 731 1369; x_wconf 88' lang='lat' dir='ltr'><strong>poetico</strong></span> <span class='ocrx_word' id='word_1_178' title='bbox 757 1318 890 1358; x_wconf 83' lang='lat' dir='ltr'><strong>surore</strong></span> <span class='ocrx_word' id='word_1_179' title='bbox 915 1319 1122 1371; x_wconf 88' lang='lat' dir='ltr'><strong>abreptum</strong></span> <span class='ocrx_word' id='word_1_180' title='bbox 1143 1320 1238 1360; x_wconf 91' lang='lat' dir='ltr'><strong>deos</strong></span> <span class='ocrx_word' id='word_1_181' title='bbox 1260 1321 1507 1361; x_wconf 85' lang='lat' dir='ltr'><strong>advenientes</strong></span> <span class='ocrx_word' id='word_1_182' title='bbox 1526 1319 1684 1359; x_wconf 81' lang='lat' dir='ltr'><strong>finxisse</strong></span> <span class='ocrx_word' id='word_1_183' title='bbox 1701 1317 1832 1358; x_wconf 87' lang='lat' dir='ltr'><strong>existi-</strong></span> 
     </span>
     <span class='ocr_line' id='line_1_20' title="bbox 103 1382 1832 1439; baseline 0.001 -17"><span class='ocrx_word' id='word_1_184' title='bbox 103 1396 279 1432; x_wconf 86' lang='lat' dir='ltr'><strong>memus,</strong></span> <span class='ocrx_word' id='word_1_185' title='bbox 329 1383 437 1436; x_wconf 93' lang='lat' dir='ltr'><strong>quod</strong></span> <span class='ocrx_word' id='word_1_186' title='bbox 472 1383 688 1423; x_wconf 83' lang='lat' dir='ltr'><strong>Schneider</strong></span> <span class='ocrx_word' id='word_1_187' title='bbox 730 1398 768 1437; x_wconf 91' lang='lat' dir='ltr'><strong>p.</strong></span> <span class='ocrx_word' id='word_1_188' title='bbox 806 1382 864 1425; x_wconf 85' lang='lat'><strong>90</strong></span> <span class='ocrx_word' id='word_1_189' title='bbox 903 1387 1055 1439; x_wconf 91' lang='lat' dir='ltr'><strong>primus</strong></span> <span class='ocrx_word' id='word_1_190' title='bbox 1096 1388 1271 1439; x_wconf 89' lang='lat' dir='ltr'><strong>protulit.</strong></span> <span class='ocrx_word' id='word_1_191' title='bbox 1319 1389 1551 1439; x_wconf 85' lang='lat' dir='ltr'><strong>Quanquam</strong></span> <span class='ocrx_word' id='word_1_192' title='bbox 1588 1399 1660 1439; x_wconf 92' lang='lat' dir='ltr'><strong>pro</strong></span> <span class='ocrx_word' id='word_1_193' title='bbox 1699 1385 1832 1438; x_wconf 88' lang='lat' dir='ltr'><strong>priore</strong></span> 
     </span>
     <span class='ocr_line' id='line_1_21' title="bbox 105 1450 1835 1507; baseline 0.001 -17"><span class='ocrx_word' id='word_1_194' title='bbox 105 1451 322 1503; x_wconf 86' lang='lat' dir='ltr'><strong>explicandi</strong></span> <span class='ocrx_word' id='word_1_195' title='bbox 356 1450 509 1490; x_wconf 84' lang='lat' dir='ltr'><strong>ratione</strong></span> <span class='ocrx_word' id='word_1_196' title='bbox 547 1451 675 1490; x_wconf 83' lang='lat' dir='ltr'><strong>facere</strong></span> <span class='ocrx_word' id='word_1_197' title='bbox 710 1451 863 1492; x_wconf 85' lang='lat' dir='ltr'><strong>videtur</strong></span> <span class='ocrx_word' id='word_1_198' title='bbox 897 1454 1026 1506; x_wconf 89' lang='lat' dir='ltr'><strong>ipsum</strong></span> <span class='ocrx_word' id='word_1_199' title='bbox 1052 1455 1327 1507; x_wconf 83' lang='lat' dir='ltr'><strong>Xenophontis</strong></span> <span class='ocrx_word' id='word_1_200' title='bbox 1364 1454 1607 1503; x_wconf 88' lang='lat' dir='ltr'><strong>convivium,</strong></span> <span class='ocrx_word' id='word_1_201' title='bbox 1651 1453 1691 1492; x_wconf 90' lang='lat' dir='ltr'><strong>in</strong></span> <span class='ocrx_word' id='word_1_202' title='bbox 1720 1452 1835 1506; x_wconf 85' lang='lat' dir='ltr'><strong>cujus</strong></span> 
     </span>
     <span class='ocr_line' id='line_1_22' title="bbox 104 1511 1834 1574; baseline 0.001 -17"><span class='ocrx_word' id='word_1_203' title='bbox 104 1519 182 1558; x_wconf 86' lang='lat' dir='ltr'><strong>fine</strong></span> <span class='ocrx_word' id='word_1_204' title='bbox 207 1518 406 1570; x_wconf 89' lang='lat' dir='ltr'><strong>prodeunt</strong></span> <span class='ocrx_word' id='word_1_205' title='bbox 437 1511 539 1557; x_wconf 83' lang='lat' dir='ltr'><strong>inter</strong></span> <span class='ocrx_word' id='word_1_206' title='bbox 569 1518 932 1560; x_wconf 88' lang='lat' dir='ltr'><strong>commissationem</strong></span> <span class='ocrx_word' id='word_1_207' title='bbox 964 1534 1065 1574; x_wconf 90' lang='lat' dir='ltr'><strong>puer</strong></span> <span class='ocrx_word' id='word_1_208' title='bbox 1097 1527 1136 1561; x_wconf 89' lang='lat' dir='ltr'><strong>et</strong></span> <span class='ocrx_word' id='word_1_209' title='bbox 1168 1522 1296 1574; x_wconf 88' lang='lat' dir='ltr'><strong>puella</strong></span> <span class='ocrx_word' id='word_1_210' title='bbox 1321 1522 1531 1562; x_wconf 88' lang='lat' dir='ltr'><strong>Ariadnem</strong></span> <span class='ocrx_word' id='word_1_211' title='bbox 1558 1529 1596 1560; x_wconf 88' lang='lat' dir='ltr'><strong>et</strong></span> <span class='ocrx_word' id='word_1_212' title='bbox 1619 1520 1834 1572; x_wconf 85' lang='lat' dir='ltr'><strong>Dionysum</strong></span> 
     </span>
     <span class='ocr_line' id='line_1_23' title="bbox 107 1585 1835 1641; baseline 0.001 -17"><span class='ocrx_word' id='word_1_213' title='bbox 107 1590 286 1636; x_wconf 83' lang='lat' dir='ltr'><strong>agentes,</strong></span> <span class='ocrx_word' id='word_1_214' title='bbox 322 1591 453 1625; x_wconf 89' lang='lat' dir='ltr'><strong>tamen</strong></span> <span class='ocrx_word' id='word_1_215' title='bbox 478 1585 595 1625; x_wconf 88' lang='lat' dir='ltr'><strong>verba</strong></span> <span class='ocrx_word' id='word_1_216' title='bbox 619 1586 770 1636; x_wconf 76' lang='grc' dir='ltr'><em>μέτεισι</em></span> <span class='ocrx_word' id='word_1_217' title='bbox 807 1590 946 1638; x_wconf 76' lang='grc' dir='ltr'><em>κῶμον</em></span> <span class='ocrx_word' id='word_1_218' title='bbox 971 1589 1097 1640; x_wconf 83' lang='lat' dir='ltr'><strong>magis</strong></span> <span class='ocrx_word' id='word_1_219' title='bbox 1122 1590 1316 1641; x_wconf 86' lang='lat' dir='ltr'><strong>quadrant</strong></span> <span class='ocrx_word' id='word_1_220' title='bbox 1340 1590 1389 1630; x_wconf 88' lang='lat' dir='ltr'><strong>ad</strong></span> <span class='ocrx_word' id='word_1_221' title='bbox 1415 1590 1509 1628; x_wconf 89' lang='lat' dir='ltr'><strong>deos</strong></span> <span class='ocrx_word' id='word_1_222' title='bbox 1534 1589 1644 1641; x_wconf 88' lang='lat' dir='ltr'><strong>ipsos</strong></span> <span class='ocrx_word' id='word_1_223' title='bbox 1669 1588 1835 1627; x_wconf 87' lang='lat' dir='ltr'><strong>descen—</strong></span> 
     </span>
     <span class='ocr_line' id='line_1_24' title="bbox 108 1653 1836 1709; baseline 0.001 -17"><span class='ocrx_word' id='word_1_224' title='bbox 108 1653 258 1692; x_wconf 75' lang='lat' dir='ltr'><strong>dentes.</strong></span> <span class='ocrx_word' id='word_1_225' title='bbox 283 1676 339 1680; x_wconf 91' lang='lat'>—</span> <span class='ocrx_word' id='word_1_226' title='bbox 362 1653 599 1692; x_wconf 86' lang='lat' dir='ltr'><strong>Anacreonti</strong></span> <span class='ocrx_word' id='word_1_227' title='bbox 636 1653 710 1705; x_wconf 90' lang='lat' dir='ltr'><strong>ipsi</strong></span> <span class='ocrx_word' id='word_1_228' title='bbox 739 1654 910 1694; x_wconf 84' lang='lat' dir='ltr'><strong>adscribi</strong></span> <span class='ocrx_word' id='word_1_229' title='bbox 945 1669 1025 1696; x_wconf 91' lang='lat' dir='ltr'><strong>non</strong></span> <span class='ocrx_word' id='word_1_230' title='bbox 1050 1669 1170 1709; x_wconf 88' lang='lat' dir='ltr'><strong>posse</strong></span> <span class='ocrx_word' id='word_1_231' title='bbox 1200 1661 1364 1709; x_wconf 87' lang='lat' dir='ltr'><strong>apparet</strong></span> <span class='ocrx_word' id='word_1_232' title='bbox 1388 1661 1425 1696; x_wconf 88' lang='lat' dir='ltr'><strong>et</strong></span> <span class='ocrx_word' id='word_1_233' title='bbox 1450 1669 1493 1695; x_wconf 84' lang='lat' dir='ltr'><strong>cx</strong></span> <span class='ocrx_word' id='word_1_234' title='bbox 1518 1655 1662 1696; x_wconf 88' lang='lat' dir='ltr'><strong>doricis</strong></span> <span class='ocrx_word' id='word_1_235' title='bbox 1687 1654 1836 1703; x_wconf 82' lang='lat' dir='ltr'><strong>formis,</strong></span> 
     </span>
     <span class='ocr_line' id='line_1_25' title="bbox 108 1718 1839 1777; baseline 0.001 -18"><span class='ocrx_word' id='word_1_236' title='bbox 108 1719 251 1772; x_wconf 90' lang='lat' dir='ltr'><strong>quibus</strong></span> <span class='ocrx_word' id='word_1_237' title='bbox 277 1718 456 1772; x_wconf 87' lang='lat' dir='ltr'><strong>plurimis</strong></span> <span class='ocrx_word' id='word_1_238' title='bbox 482 1732 580 1759; x_wconf 88' lang='lat' dir='ltr'><strong>usus</strong></span> <span class='ocrx_word' id='word_1_239' title='bbox 607 1725 666 1759; x_wconf 89' lang='lat' dir='ltr'><strong>est</strong></span> <span class='ocrx_word' id='word_1_240' title='bbox 689 1727 828 1773; x_wconf 87' lang='lat' dir='ltr'><strong>poeta:</strong></span> <span class='ocrx_word' id='word_1_241' title='bbox 865 1718 1136 1776; x_wconf 76' lang='grc' dir='ltr'><em>ἆβροχαίτας,</em></span> <span class='ocrx_word' id='word_1_242' title='bbox 1167 1720 1267 1773; x_wconf 75' lang='grc' dir='ltr'><strong>ἁδὺ,</strong></span> <span class='ocrx_word' id='word_1_243' title='bbox 1304 1721 1467 1777; x_wconf 75' lang='grc' dir='ltr'><em>ὀμφὰν,</em></span> <span class='ocrx_word' id='word_1_244' title='bbox 1499 1721 1776 1776; x_wconf 78' lang='grc' dir='ltr'><em>χρυσοχαίτας</em></span> <span class='ocrx_word' id='word_1_245' title='bbox 1801 1726 1839 1762; x_wconf 86' lang='lat' dir='ltr'><strong>ct</strong></span> 
     </span>
     <span class='ocr_line' id='line_1_26' title="bbox 108 1785 1836 1844; baseline 0.001 -17"><span class='ocrx_word' id='word_1_246' title='bbox 108 1800 154 1827; x_wconf 84' lang='lat' dir='ltr'><strong>ex</strong></span> <span class='ocrx_word' id='word_1_247' title='bbox 165 1799 278 1826; x_wconf 90' lang='lat' dir='ltr'><strong>versu</strong></span> <span class='ocrx_word' id='word_1_248' title='bbox 291 1786 419 1836; x_wconf 80' lang='lat' dir='ltr'><strong>tertio,</strong></span> <span class='ocrx_word' id='word_1_249' title='bbox 446 1787 626 1839; x_wconf 88' lang='lat' dir='ltr'><strong>quihanc</strong></span> <span class='ocrx_word' id='word_1_250' title='bbox 644 1789 735 1840; x_wconf 89' lang='lat' dir='ltr'><strong>puri</strong></span> <span class='ocrx_word' id='word_1_251' title='bbox 752 1789 1235 1844; x_wconf 85' lang='lat' dir='ltr'><strong>ioniciaminoripraehet</strong></span> <span class='ocrx_word' id='word_1_252' title='bbox 1246 1792 1412 1831; x_wconf 85' lang='lat' dir='ltr'><strong>formam</strong></span> <span class='ocrx_word' id='word_1_253' title='bbox 1432 1806 1492 1830; x_wconf 81' lang='lat' dir='ltr'><strong>vv</strong></span> <span class='ocrx_word' id='word_1_254' title='bbox 1518 1785 1836 1830; x_wconf 73' lang='grc' dir='ltr'><strong>ύυ--ὐυ-’ύ.</strong></span> 
     </span>
     <span class='ocr_line' id='line_1_27' title="bbox 107 1852 1840 1906; baseline 0.003 -14"><span class='ocrx_word' id='word_1_255' title='bbox 107 1853 268 1893; x_wconf 85' lang='lat' dir='ltr'><strong>Accedit</strong></span> <span class='ocrx_word' id='word_1_256' title='bbox 292 1854 396 1906; x_wconf 88' lang='lat' dir='ltr'><strong>quod</strong></span> <span class='ocrx_word' id='word_1_257' title='bbox 422 1854 539 1894; x_wconf 88' lang='lat' dir='ltr'><strong>verba</strong></span> <span class='ocrx_word' id='word_1_258' title='bbox 566 1852 786 1906; x_wconf 75' lang='grc' dir='ltr'><em>στομάτων</em></span> <span class='ocrx_word' id='word_1_259' title='bbox 810 1853 889 1894; x_wconf 73' lang='grc' dir='ltr'><strong>ἁδὺ</strong></span> <span class='ocrx_word' id='word_1_260' title='bbox 914 1855 1116 1898; x_wconf 76' lang='grc' dir='ltr'>πνεόντων</span> <span class='ocrx_word' id='word_1_261' title='bbox 1135 1872 1224 1899; x_wconf 92' lang='lat' dir='ltr'><strong>cum</strong></span> <span class='ocrx_word' id='word_1_262' title='bbox 1250 1859 1290 1898; x_wconf 92' lang='lat' dir='ltr'><strong>in</strong></span> <span class='ocrx_word' id='word_1_263' title='bbox 1315 1858 1541 1898; x_wconf 87' lang='lat' dir='ltr'><strong>universum</strong></span> <span class='ocrx_word' id='word_1_264' title='bbox 1571 1863 1652 1898; x_wconf 88' lang='lat' dir='ltr'><strong>tum</strong></span> <span class='ocrx_word' id='word_1_265' title='bbox 1673 1857 1840 1897; x_wconf 80' lang='lat' dir='ltr'><strong>maxime</strong></span> 
     </span>
     <span class='ocr_line' id='line_1_28' title="bbox 109 1920 1119 1977; baseline 0.006 -17"><span class='ocrx_word' id='word_1_266' title='bbox 109 1921 143 1960; x_wconf 92' lang='lat' dir='ltr'><strong>si</strong></span> <span class='ocrx_word' id='word_1_267' title='bbox 169 1920 217 1960; x_wconf 84' lang='lat' dir='ltr'><strong>ad</strong></span> <span class='ocrx_word' id='word_1_268' title='bbox 240 1933 364 1961; x_wconf 91' lang='lat' dir='ltr'><strong>unum</strong></span> <span class='ocrx_word' id='word_1_269' title='bbox 386 1921 571 1973; x_wconf 80' lang='lat' dir='ltr'><strong>juvenem</strong></span> <span class='ocrx_word' id='word_1_270' title='bbox 596 1924 830 1973; x_wconf 88' lang='lat' dir='ltr'><strong>referuntur,</strong></span> <span class='ocrx_word' id='word_1_271' title='bbox 857 1924 989 1977; x_wconf 90' lang='lat' dir='ltr'><strong>inepta</strong></span> <span class='ocrx_word' id='word_1_272' title='bbox 1014 1931 1119 1966; x_wconf 90' lang='lat' dir='ltr'><strong>sunt.</strong></span> 
     </span>
    </p>

    <p class='ocr_par' dir='ltr' id='par_1_4' title="bbox 110 1989 1910 2986">
     <span class='ocr_line' id='line_1_29' title="bbox 221 1989 1841 2045; baseline 0.002 -18"><span class='ocrx_word' id='word_1_273' title='bbox 221 1989 309 2028; x_wconf 85' lang='lat' dir='ltr'><strong>Jam</strong></span> <span class='ocrx_word' id='word_1_274' title='bbox 344 1989 578 2028; x_wconf 84' lang='lat' dir='ltr'><strong>accedamus</strong></span> <span class='ocrx_word' id='word_1_275' title='bbox 616 1990 664 2029; x_wconf 88' lang='lat' dir='ltr'><strong>ad</strong></span> <span class='ocrx_word' id='word_1_276' title='bbox 700 1990 886 2039; x_wconf 81' lang='lat' dir='ltr'><strong>carmina,</strong></span> <span class='ocrx_word' id='word_1_277' title='bbox 919 1992 958 2031; x_wconf 91' lang='lat' dir='ltr'><strong>in</strong></span> <span class='ocrx_word' id='word_1_278' title='bbox 990 1993 1133 2045; x_wconf 90' lang='lat' dir='ltr'><strong>quibus</strong></span> <span class='ocrx_word' id='word_1_279' title='bbox 1165 1992 1384 2033; x_wconf 84' lang='lat' dir='ltr'><strong>fabularum</strong></span> <span class='ocrx_word' id='word_1_280' title='bbox 1417 1998 1485 2032; x_wconf 88' lang='lat' dir='ltr'><strong>aut</strong></span> <span class='ocrx_word' id='word_1_281' title='bbox 1512 2004 1644 2031; x_wconf 89' lang='lat' dir='ltr'><strong>rerum</strong></span> <span class='ocrx_word' id='word_1_282' title='bbox 1678 1996 1841 2031; x_wconf 87' lang='lat' dir='ltr'><strong>naturae</strong></span> 
     </span>
     <span class='ocr_line' id='line_1_30' title="bbox 111 2053 1840 2112; baseline 0.001 -16"><span class='ocrx_word' id='word_1_283' title='bbox 111 2056 295 2108; x_wconf 86' lang='lat' dir='ltr'><strong>exemplis</strong></span> <span class='ocrx_word' id='word_1_284' title='bbox 307 2055 431 2095; x_wconf 86' lang='lat' dir='ltr'><strong>allatis</strong></span> <span class='ocrx_word' id='word_1_285' title='bbox 444 2055 491 2095; x_wconf 88' lang='lat' dir='ltr'><strong>ad</strong></span> <span class='ocrx_word' id='word_1_286' title='bbox 505 2053 814 2109; x_wconf 82' lang='lat' dir='ltr'><strong>compotandum</strong></span> <span class='ocrx_word' id='word_1_287' title='bbox 835 2059 1122 2112; x_wconf 87' lang='lat' dir='ltr'><strong>furendumque</strong></span> <span class='ocrx_word' id='word_1_288' title='bbox 1141 2060 1358 2100; x_wconf 85' lang='lat' dir='ltr'><strong>excitantur</strong></span> <span class='ocrx_word' id='word_1_289' title='bbox 1374 2060 1569 2099; x_wconf 86' lang='lat' dir='ltr'><strong>homines.</strong></span> <span class='ocrx_word' id='word_1_290' title='bbox 1599 2059 1676 2100; x_wconf 85' lang='lat' dir='ltr'><strong>Par</strong></span> <span class='ocrx_word' id='word_1_291' title='bbox 1697 2057 1840 2099; x_wconf 89' lang='lat' dir='ltr'><strong>carmi-</strong></span> 
     </span>
     <span class='ocr_line' id='line_1_31' title="bbox 110 2123 1840 2180; baseline 0.002 -17"><span class='ocrx_word' id='word_1_292' title='bbox 110 2137 206 2163; x_wconf 89' lang='lat' dir='ltr'><strong>num</strong></span> <span class='ocrx_word' id='word_1_293' title='bbox 227 2123 343 2162; x_wconf 89' lang='lat' dir='ltr'><strong>nohis</strong></span> <span class='ocrx_word' id='word_1_294' title='bbox 365 2123 538 2162; x_wconf 91' lang='lat' dir='ltr'><strong>occurrit</strong></span> <span class='ocrx_word' id='word_1_295' title='bbox 557 2124 797 2165; x_wconf 90' lang='lat' dir='ltr'><strong>simillimum</strong></span> <span class='ocrx_word' id='word_1_296' title='bbox 821 2133 1065 2177; x_wconf 86' lang='lat' dir='ltr'><strong>argumento,</strong></span> <span class='ocrx_word' id='word_1_297' title='bbox 1089 2140 1257 2180; x_wconf 89' lang='lat' dir='ltr'><strong>quorum</strong></span> <span class='ocrx_word' id='word_1_298' title='bbox 1270 2133 1403 2167; x_wconf 84' lang='lat' dir='ltr'><strong>utrum</strong></span> <span class='ocrx_word' id='word_1_299' title='bbox 1421 2127 1470 2167; x_wconf 86' lang='lat' dir='ltr'><strong>ad</strong></span> <span class='ocrx_word' id='word_1_300' title='bbox 1482 2127 1608 2166; x_wconf 88' lang='lat' dir='ltr'><strong>utrius</strong></span> <span class='ocrx_word' id='word_1_301' title='bbox 1621 2126 1840 2179; x_wconf 88' lang='lat' dir='ltr'><strong>exemplum</strong></span> 
     </span>
     <span class='ocr_line' id='line_1_32' title="bbox 112 2190 1843 2243; baseline 0.003 -15"><span class='ocrx_word' id='word_1_302' title='bbox 112 2190 377 2243; x_wconf 86' lang='lat' dir='ltr'><strong>compositum</strong></span> <span class='ocrx_word' id='word_1_303' title='bbox 408 2190 476 2238; x_wconf 85' lang='lat' dir='ltr'><strong>sit,</strong></span> <span class='ocrx_word' id='word_1_304' title='bbox 509 2191 677 2231; x_wconf 84' lang='lat' dir='ltr'><strong>maxima</strong></span> <span class='ocrx_word' id='word_1_305' title='bbox 702 2192 805 2232; x_wconf 89' lang='lat' dir='ltr'><strong>inter</strong></span> <span class='ocrx_word' id='word_1_306' title='bbox 832 2194 936 2233; x_wconf 89' lang='lat' dir='ltr'><strong>viros</strong></span> <span class='ocrx_word' id='word_1_307' title='bbox 965 2195 1103 2234; x_wconf 90' lang='lat' dir='ltr'><strong>doctos</strong></span> <span class='ocrx_word' id='word_1_308' title='bbox 1132 2195 1326 2234; x_wconf 84' lang='lat' dir='ltr'><strong>dissensio</strong></span> <span class='ocrx_word' id='word_1_309' title='bbox 1356 2200 1427 2234; x_wconf 85' lang='lat' dir='ltr'><strong>est.</strong></span> <span class='ocrx_word' id='word_1_310' title='bbox 1488 2195 1578 2234; x_wconf 92' lang='lat' dir='ltr'><strong>Non</strong></span> <span class='ocrx_word' id='word_1_311' title='bbox 1607 2194 1712 2234; x_wconf 92' lang='lat' dir='ltr'><strong>enim</strong></span> <span class='ocrx_word' id='word_1_312' title='bbox 1731 2193 1843 2234; x_wconf 81' lang='lat' dir='ltr'><strong>facile</strong></span> 
     </span>
     <span class='ocr_line' id='line_1_33' title="bbox 112 2257 1845 2315; baseline 0.001 -17"><span class='ocrx_word' id='word_1_313' title='bbox 112 2259 199 2311; x_wconf 87' lang='lat' dir='ltr'><strong>quis</strong></span> <span class='ocrx_word' id='word_1_314' title='bbox 230 2258 467 2298; x_wconf 89' lang='lat' dir='ltr'><strong>assentiatur</strong></span> <span class='ocrx_word' id='word_1_315' title='bbox 495 2257 780 2310; x_wconf 83' lang='lat' dir='ltr'><strong>Longepetraei</strong></span> <span class='ocrx_word' id='word_1_316' title='bbox 820 2262 1052 2310; x_wconf 86' lang='lat' dir='ltr'><strong>sententiae,</strong></span> <span class='ocrx_word' id='word_1_317' title='bbox 1085 2262 1150 2315; x_wconf 93' lang='lat' dir='ltr'><strong>qui</strong></span> <span class='ocrx_word' id='word_1_318' title='bbox 1182 2263 1229 2302; x_wconf 90' lang='lat' dir='ltr'><strong>de</strong></span> <span class='ocrx_word' id='word_1_319' title='bbox 1258 2263 1379 2302; x_wconf 73' lang='lat' dir='ltr'><strong>altero</strong></span> <span class='ocrx_word' id='word_1_320' title='bbox 1408 2262 1580 2302; x_wconf 86' lang='lat' dir='ltr'><strong>carmine</strong></span> <span class='ocrx_word' id='word_1_321' title='bbox 1602 2262 1700 2301; x_wconf 90' lang='lat' dir='ltr'><strong>haec</strong></span> <span class='ocrx_word' id='word_1_322' title='bbox 1725 2260 1845 2301; x_wconf 88' lang='lat' dir='ltr'><strong>habet</strong></span> 
     </span>
     <span class='ocr_line' id='line_1_34' title="bbox 111 2322 1910 2378; baseline 0.002 -14"><span class='ocrx_word' id='word_1_323' title='bbox 111 2322 241 2378; x_wconf 87' lang='lat' dir='ltr'><strong>p.84:</strong></span> <span class='ocrx_word' id='word_1_324' title='bbox 273 2325 335 2374; x_wconf 82' lang='lat' dir='ltr'><strong>„lc</strong></span> <span class='ocrx_word' id='word_1_325' title='bbox 365 2330 456 2364; x_wconf 91' lang='lat' dir='ltr'><strong>tour</strong></span> <span class='ocrx_word' id='word_1_326' title='bbox 476 2326 523 2364; x_wconf 88' lang='lat' dir='ltr'><strong>de</strong></span> <span class='ocrx_word' id='word_1_327' title='bbox 545 2331 644 2365; x_wconf 88' lang='lat' dir='ltr'><strong>cette</strong></span> <span class='ocrx_word' id='word_1_328' title='bbox 665 2327 739 2366; x_wconf 89' lang='lat' dir='ltr'><strong>ode</strong></span> <span class='ocrx_word' id='word_1_329' title='bbox 760 2333 820 2368; x_wconf 87' lang='lat' dir='ltr'><strong>est</strong></span> <span class='ocrx_word' id='word_1_330' title='bbox 840 2329 918 2368; x_wconf 87' lang='lat' dir='ltr'><strong>sort</strong></span> <span class='ocrx_word' id='word_1_331' title='bbox 941 2329 1114 2370; x_wconf 88' lang='lat' dir='ltr'><strong>heureux</strong></span> <span class='ocrx_word' id='word_1_332' title='bbox 1136 2335 1174 2369; x_wconf 90' lang='lat' dir='ltr'><strong>et</strong></span> <span class='ocrx_word' id='word_1_333' title='bbox 1190 2330 1397 2369; x_wconf 85' lang='lat' dir='ltr'><strong>Anacreon</strong></span> <span class='ocrx_word' id='word_1_334' title='bbox 1416 2329 1464 2368; x_wconf 90' lang='lat' dir='ltr'><strong>l’a</strong></span> <span class='ocrx_word' id='word_1_335' title='bbox 1485 2329 1622 2369; x_wconf 77' lang='lat' dir='ltr'><strong>trouve</strong></span> <span class='ocrx_word' id='word_1_336' title='bbox 1642 2329 1697 2368; x_wconf 92' lang='lat' dir='ltr'><strong>lui</strong></span> <span class='ocrx_word' id='word_1_337' title='bbox 1715 2330 1844 2368; x_wconf 76' lang='lat' dir='ltr'><strong>meme</strong></span> <span class='ocrx_word' id='word_1_338' title='bbox 1905 2328 1910 2335; x_wconf 88' lang='lat'>&#39;</span> 
     </span>
     <span class='ocr_line' id='line_1_35' title="bbox 114 2392 1844 2446; baseline 0.002 -14"><span class='ocrx_word' id='word_1_339' title='bbox 114 2393 181 2443; x_wconf 86' lang='lat' dir='ltr'><strong>„si</strong></span> <span class='ocrx_word' id='word_1_340' title='bbox 206 2393 288 2446; x_wconf 80' lang='lat' dir='ltr'><strong>joly</strong></span> <span class='ocrx_word' id='word_1_341' title='bbox 318 2392 410 2445; x_wconf 91' lang='lat' dir='ltr'><strong>qu’il</strong></span> <span class='ocrx_word' id='word_1_342' title='bbox 442 2392 524 2432; x_wconf 87' lang='lat' dir='ltr'><strong>s’en</strong></span> <span class='ocrx_word' id='word_1_343' title='bbox 556 2398 616 2432; x_wconf 87' lang='lat' dir='ltr'><strong>est</strong></span> <span class='ocrx_word' id='word_1_344' title='bbox 645 2406 790 2434; x_wconf 89' lang='lat' dir='ltr'><strong>encore</strong></span> <span class='ocrx_word' id='word_1_345' title='bbox 823 2396 923 2435; x_wconf 90' lang='lat' dir='ltr'><strong>servi</strong></span> <span class='ocrx_word' id='word_1_346' title='bbox 955 2396 1052 2436; x_wconf 87' lang='lat' dir='ltr'><strong>dans</strong></span> <span class='ocrx_word' id='word_1_347' title='bbox 1081 2409 1135 2436; x_wconf 93' lang='lat' dir='ltr'><strong>un</strong></span> <span class='ocrx_word' id='word_1_348' title='bbox 1163 2402 1273 2437; x_wconf 88' lang='lat' dir='ltr'><strong>autre</strong></span> <span class='ocrx_word' id='word_1_349' title='bbox 1295 2397 1499 2436; x_wconf 85' lang='lat' dir='ltr'><strong>endroit.“</strong></span> <span class='ocrx_word' id='word_1_350' title='bbox 1559 2395 1728 2436; x_wconf 89' lang='lat' dir='ltr'><strong>Pessimi</strong></span> <span class='ocrx_word' id='word_1_351' title='bbox 1748 2407 1844 2436; x_wconf 88' lang='lat' dir='ltr'><strong>sane</strong></span> 
     </span>
     <span class='ocr_line' id='line_1_36' title="bbox 114 2459 1844 2516; baseline 0.001 -16"><span class='ocrx_word' id='word_1_352' title='bbox 114 2466 254 2513; x_wconf 88' lang='lat' dir='ltr'><strong>poetae</strong></span> <span class='ocrx_word' id='word_1_353' title='bbox 288 2465 364 2509; x_wconf 87' lang='lat' dir='ltr'><strong>est,</strong></span> <span class='ocrx_word' id='word_1_354' title='bbox 415 2459 679 2512; x_wconf 88' lang='lat' dir='ltr'><strong>cumprimum</strong></span> <span class='ocrx_word' id='word_1_355' title='bbox 715 2463 947 2502; x_wconf 85' lang='lat' dir='ltr'><strong>sententiam</strong></span> <span class='ocrx_word' id='word_1_356' title='bbox 980 2464 1266 2516; x_wconf 85' lang='lat' dir='ltr'><strong>aliquantulum</strong></span> <span class='ocrx_word' id='word_1_357' title='bbox 1296 2464 1492 2516; x_wconf 87' lang='lat' dir='ltr'><strong>poeticam</strong></span> <span class='ocrx_word' id='word_1_358' title='bbox 1524 2468 1745 2516; x_wconf 88' lang='lat' dir='ltr'><strong>aucupatus</strong></span> <span class='ocrx_word' id='word_1_359' title='bbox 1780 2462 1844 2511; x_wconf 88' lang='lat' dir='ltr'><strong>sit,</strong></span> 
     </span>
     <span class='ocr_line' id='line_1_37' title="bbox 112 2527 1844 2588; baseline 0.002 -22"><span class='ocrx_word' id='word_1_360' title='bbox 112 2540 200 2588; x_wconf 75' lang='lat' dir='ltr'><strong>eam</strong></span> <span class='ocrx_word' id='word_1_361' title='bbox 223 2540 339 2580; x_wconf 91' lang='lat' dir='ltr'><strong>quam</strong></span> <span class='ocrx_word' id='word_1_362' title='bbox 360 2527 527 2566; x_wconf 87' lang='lat' dir='ltr'><strong>maxime</strong></span> <span class='ocrx_word' id='word_1_363' title='bbox 555 2529 758 2568; x_wconf 88' lang='lat' dir='ltr'><strong>exhaurire</strong></span> <span class='ocrx_word' id='word_1_364' title='bbox 778 2530 989 2583; x_wconf 90' lang='lat' dir='ltr'><strong>multisque</strong></span> <span class='ocrx_word' id='word_1_365' title='bbox 1009 2531 1138 2572; x_wconf 90' lang='lat' dir='ltr'><strong>modis</strong></span> <span class='ocrx_word' id='word_1_366' title='bbox 1166 2536 1474 2584; x_wconf 86' lang='lat' dir='ltr'><strong>repraesentare.</strong></span> <span class='ocrx_word' id='word_1_367' title='bbox 1534 2530 1607 2570; x_wconf 93' lang='lat' dir='ltr'><strong>Hic</strong></span> <span class='ocrx_word' id='word_1_368' title='bbox 1628 2530 1714 2584; x_wconf 89' lang='lat' dir='ltr'><strong>ipse</strong></span> <span class='ocrx_word' id='word_1_369' title='bbox 1732 2530 1844 2569; x_wconf 89' lang='lat' dir='ltr'><strong>locus</strong></span> 
     </span>
     <span class='ocr_line' id='line_1_38' title="bbox 115 2594 1846 2651; baseline 0.001 -17"><span class='ocrx_word' id='word_1_370' title='bbox 115 2594 231 2634; x_wconf 90' lang='lat' dir='ltr'><strong>nobis</strong></span> <span class='ocrx_word' id='word_1_371' title='bbox 262 2595 501 2633; x_wconf 87' lang='lat' dir='ltr'><strong>documento</strong></span> <span class='ocrx_word' id='word_1_372' title='bbox 535 2600 611 2644; x_wconf 88' lang='lat' dir='ltr'><strong>est,</strong></span> <span class='ocrx_word' id='word_1_373' title='bbox 644 2597 845 2648; x_wconf 90' lang='lat' dir='ltr'><strong>quomodo</strong></span> <span class='ocrx_word' id='word_1_374' title='bbox 875 2599 1069 2638; x_wconf 86' lang='lat' dir='ltr'><strong>sententia</strong></span> <span class='ocrx_word' id='word_1_375' title='bbox 1099 2599 1290 2651; x_wconf 89' lang='lat' dir='ltr'><strong>quaedam</strong></span> <span class='ocrx_word' id='word_1_376' title='bbox 1321 2598 1372 2638; x_wconf 90' lang='lat' dir='ltr'><strong>ab</strong></span> <span class='ocrx_word' id='word_1_377' title='bbox 1402 2598 1650 2638; x_wconf 89' lang='lat' dir='ltr'><strong>Anacreonte</strong></span> <span class='ocrx_word' id='word_1_378' title='bbox 1679 2598 1846 2637; x_wconf 83' lang='lat' dir='ltr'><strong>sortasse</strong></span> 
     </span>
     <span class='ocr_line' id='line_1_39' title="bbox 116 2660 1846 2719; baseline 0.001 -18"><span class='ocrx_word' id='word_1_379' title='bbox 116 2661 319 2714; x_wconf 88' lang='lat' dir='ltr'><strong>proposita</strong></span> <span class='ocrx_word' id='word_1_380' title='bbox 352 2660 400 2700; x_wconf 87' lang='lat' dir='ltr'><strong>ab</strong></span> <span class='ocrx_word' id='word_1_381' title='bbox 432 2661 695 2702; x_wconf 85' lang='lat' dir='ltr'><strong>imitatoribus</strong></span> <span class='ocrx_word' id='word_1_382' title='bbox 726 2664 829 2704; x_wconf 90' lang='lat' dir='ltr'><strong>varie</strong></span> <span class='ocrx_word' id='word_1_383' title='bbox 860 2677 1043 2717; x_wconf 87' lang='lat' dir='ltr'><strong>expressa</strong></span> <span class='ocrx_word' id='word_1_384' title='bbox 1069 2671 1185 2719; x_wconf 88' lang='lat' dir='ltr'><strong>atque</strong></span> <span class='ocrx_word' id='word_1_385' title='bbox 1204 2666 1366 2718; x_wconf 89' lang='lat' dir='ltr'><strong>repetita</strong></span> <span class='ocrx_word' id='word_1_386' title='bbox 1387 2665 1449 2705; x_wconf 87' lang='lat' dir='ltr'><strong>sit.</strong></span> <span class='ocrx_word' id='word_1_387' title='bbox 1509 2666 1596 2705; x_wconf 87' lang='lat' dir='ltr'><strong>Jam</strong></span> <span class='ocrx_word' id='word_1_388' title='bbox 1617 2668 1846 2716; x_wconf 86' lang='lat' dir='ltr'><strong>argumenta</strong></span> 
     </span>
     <span class='ocr_line' id='line_1_40' title="bbox 118 2728 1846 2785; baseline 0.001 -17"><span class='ocrx_word' id='word_1_389' title='bbox 118 2728 335 2769; x_wconf 87' lang='lat' dir='ltr'><strong>carminum</strong></span> <span class='ocrx_word' id='word_1_390' title='bbox 357 2741 629 2780; x_wconf 91' lang='lat' dir='ltr'><strong>proponamus</strong></span> <span class='ocrx_word' id='word_1_391' title='bbox 650 2732 934 2785; x_wconf 88' lang='lat' dir='ltr'><strong>propositaque</strong></span> <span class='ocrx_word' id='word_1_392' title='bbox 955 2745 1253 2785; x_wconf 84' lang='lat' dir='ltr'><strong>comparemus:</strong></span> <span class='ocrx_word' id='word_1_393' title='bbox 1285 2733 1324 2772; x_wconf 94' lang='lat' dir='ltr'><strong>in</strong></span> <span class='ocrx_word' id='word_1_394' title='bbox 1350 2732 1523 2772; x_wconf 87' lang='lat' dir='ltr'><strong>carmine</strong></span> <span class='ocrx_word' id='word_1_395' title='bbox 1550 2731 1704 2772; x_wconf 91' lang='lat' dir='ltr'><strong>decimo</strong></span> <span class='ocrx_word' id='word_1_396' title='bbox 1731 2729 1846 2771; x_wconf 88' lang='lat' dir='ltr'><strong>tertio</strong></span> 
     </span>
     <span class='ocr_line' id='line_1_41' title="bbox 119 2791 1846 2851; baseline 0.001 -16"><span class='ocrx_word' id='word_1_397' title='bbox 119 2796 188 2849; x_wconf 88' lang='lat' dir='ltr'><strong>(M.</strong></span> <span class='ocrx_word' id='word_1_398' title='bbox 215 2791 286 2845; x_wconf 86' lang='grc' dir='ltr'><strong>ια’)</strong></span> <span class='ocrx_word' id='word_1_399' title='bbox 327 2795 431 2835; x_wconf 90' lang='lat' dir='ltr'><strong>sicut</strong></span> <span class='ocrx_word' id='word_1_400' title='bbox 459 2795 558 2835; x_wconf 87' lang='lat' dir='ltr'><strong>Attis</strong></span> <span class='ocrx_word' id='word_1_401' title='bbox 591 2797 752 2848; x_wconf 82' lang='lat' dir='ltr'><strong>Cybeles</strong></span> <span class='ocrx_word' id='word_1_402' title='bbox 784 2799 977 2839; x_wconf 84' lang='lat' dir='ltr'><strong>desiderio</strong></span> <span class='ocrx_word' id='word_1_403' title='bbox 1008 2799 1192 2840; x_wconf 89' lang='lat' dir='ltr'><strong>rabiosus</strong></span> <span class='ocrx_word' id='word_1_404' title='bbox 1225 2800 1536 2851; x_wconf 83' lang='lat' dir='ltr'><strong>circumvagatus</strong></span> <span class='ocrx_word' id='word_1_405' title='bbox 1567 2811 1655 2839; x_wconf 87' lang='lat' dir='ltr'><strong>esse</strong></span> <span class='ocrx_word' id='word_1_406' title='bbox 1683 2797 1846 2846; x_wconf 85' lang='lat' dir='ltr'><strong>dicatur,</strong></span> 
     </span>
     <span class='ocr_line' id='line_1_42' title="bbox 119 2862 1846 2918; baseline 0.001 -16"><span class='ocrx_word' id='word_1_407' title='bbox 119 2863 181 2903; x_wconf 90' lang='lat' dir='ltr'><strong>alii</strong></span> <span class='ocrx_word' id='word_1_408' title='bbox 215 2862 478 2915; x_wconf 87' lang='lat' dir='ltr'><strong>cumprimum</strong></span> <span class='ocrx_word' id='word_1_409' title='bbox 509 2876 650 2915; x_wconf 88' lang='lat' dir='ltr'><strong>aquam</strong></span> <span class='ocrx_word' id='word_1_410' title='bbox 671 2864 842 2917; x_wconf 84' lang='lat' dir='ltr'><strong>Apollini</strong></span> <span class='ocrx_word' id='word_1_411' title='bbox 864 2866 992 2906; x_wconf 89' lang='lat' dir='ltr'><strong>Clario</strong></span> <span class='ocrx_word' id='word_1_412' title='bbox 1014 2879 1166 2906; x_wconf 85' lang='lat' dir='ltr'><strong>sacram</strong></span> <span class='ocrx_word' id='word_1_413' title='bbox 1193 2867 1382 2916; x_wconf 82' lang='lat' dir='ltr'><strong>biberint,</strong></span> <span class='ocrx_word' id='word_1_414' title='bbox 1415 2868 1547 2907; x_wconf 85' lang='lat' dir='ltr'><strong>surore</strong></span> <span class='ocrx_word' id='word_1_415' title='bbox 1567 2865 1719 2918; x_wconf 88' lang='lat' dir='ltr'><strong>abrepti</strong></span> <span class='ocrx_word' id='word_1_416' title='bbox 1738 2863 1846 2904; x_wconf 87' lang='lat' dir='ltr'><strong>voci-</strong></span> 
     </span>
     <span class='ocr_line' id='line_1_43' title="bbox 124 2930 1846 2986; baseline 0.001 -17"><span class='ocrx_word' id='word_1_417' title='bbox 124 2932 308 2978; x_wconf 79' lang='lat' dir='ltr'><strong>ferentur,</strong></span> <span class='ocrx_word' id='word_1_418' title='bbox 347 2930 404 2970; x_wconf 89' lang='lat' dir='ltr'><strong>sic</strong></span> <span class='ocrx_word' id='word_1_419' title='bbox 440 2937 555 2982; x_wconf 85' lang='lat' dir='ltr'><strong>poeta</strong></span> <span class='ocrx_word' id='word_1_420' title='bbox 589 2931 676 2971; x_wconf 89' lang='lat' dir='ltr'><strong>vino</strong></span> <span class='ocrx_word' id='word_1_421' title='bbox 711 2938 827 2985; x_wconf 87' lang='lat' dir='ltr'><strong>atque</strong></span> <span class='ocrx_word' id='word_1_422' title='bbox 855 2934 979 2974; x_wconf 85' lang='lat' dir='ltr'><strong>amica</strong></span> <span class='ocrx_word' id='word_1_423' title='bbox 1012 2935 1244 2974; x_wconf 87' lang='lat' dir='ltr'><strong>delectatum</strong></span> <span class='ocrx_word' id='word_1_424' title='bbox 1276 2935 1403 2974; x_wconf 70' lang='lat' dir='ltr'><strong>surore</strong></span> <span class='ocrx_word' id='word_1_425' title='bbox 1428 2947 1470 2973; x_wconf 89' lang='lat' dir='ltr'><strong>se</strong></span> <span class='ocrx_word' id='word_1_426' title='bbox 1502 2933 1596 2973; x_wconf 82' lang='lat' dir='ltr'><strong>velle</strong></span> <span class='ocrx_word' id='word_1_427' title='bbox 1628 2933 1846 2986; x_wconf 81' lang='lat' dir='ltr'><strong>profitetur.</strong></span> 
     </span>
    </p>
   </div>
  </div>
 </body>
</html>
