1910 3268
945 129 1004 173 49

212 254 477 307 Quantopere
496 255 594 294 baec
618 255 780 307 optandi
798 256 898 295 ratio
923 256 1114 308 populare
1133 256 1226 296 illud
1243 257 1607 300 Anacreonteoruni
1632 262 1832 313 ingenium

109 321 302 370 redoleat,
347 323 452 375 quod
483 322 709 374 ubicunque
743 328 934 362 terrarum
959 335 1196 376 quocunque
1221 329 1397 376 tempore
1421 325 1523 365 idem
1549 334 1629 375 est,
1668 329 1835 369 demon-

108 393 210 429 strat
243 401 402 429 carmen
430 389 621 442 populare
656 389 890 431 nostratium
931 391 979 430 cf.
1011 390 1162 431 Uhland
1202 391 1399 432 Deutsche
1433 393 1673 434 Volkslieder
1704 395 1775 435 Bd.
1803 397 1834 437 1.

108 467 149 507 p.
173 451 256 495 21:
974 465 977 471 ·

386 523 488 564 Wolt
512 523 586 564 θοι
610 525 679 564 dat
701 524 764 563 ich
787 530 873 564 war
897 526 961 564 ein
984 524 1155 564 hundlin
1177 522 1314 565 klein!

379 594 475 643 quir
497 591 728 644 freundlich
752 591 862 632 wollt
885 591 949 631 ich
967 592 1069 632 mich
1093 594 1232 643 neiqen
1257 599 1295 633 to
1321 595 1362 632 ir

379 657 612 712 freundlich
635 669 678 698 so
704 659 797 717 wolvt
820 658 883 698 ich
907 659 1093 699 scherzen
1117 667 1185 699 etc.

386 725 489 765 Wolt
509 725 582 766 Got
605 726 674 766 dat
697 726 759 765 ich
783 731 868 766 war
892 729 955 765 ein
978 725 1128 765 ketzlm
1152 726 1258 766 klein

380 793 464 832 und
488 792 569 845 lies
586 795 629 831 in
654 795 753 832 irem
776 793 897 833 house
920 800 988 833 etc.

385 858 488 900 Wolt
508 858 581 899 Got
601 860 669 899 dat
692 860 754 901 ich
780 865 864 900 wdr
887 873 934 900 en
958 860 1094 912 voqlin
1117 860 1223 900 klein

381 927 466 967 und
488 931 576 967 sdss
598 939 652 978 up
677 930 801 967 einem
822 939 995 979 yroenen
1018 930 1175 979 zweiqe.

383 994 446 1034 ich
466 994 559 1034 wolt
582 994 648 1034 ihr
670 997 817 1047 fieiyen
840 997 920 1035 in’s
945 995 1090 1034 herzen
1113 1004 1235 1047 yrum
1258 1004 1325 1036 etc.

213 1059 335 1100 Multo
356 1061 481 1112 magis
507 1062 555 1101 ad
579 1062 839 1102 Anacreontei
858 1062 1152 1102 similitudinem
1182 1063 1333 1102 accedit
1363 1065 1521 1104 ca'rmen
1556 1079 1577 1105 a
1612 1071 1728 1118 poeta
1759 1068 1834 1107 sub

113 1126 267 1167 initium
303 1128 425 1167 seculi
459 1128 599 1168 decimi
633 1129 756 1169 octavi
793 1131 1035 1177 confectum,
1071 1130 1177 1182 quod
1217 1130 1389 1170 invenies
1426 1131 1465 1170 in
1500 1132 1624 1172 libro:
1670 1133 1835 1174 Knaben

111 1193 388 1234 Wunder-hom
412 1196 477 1235 [Π.
508 1209 547 1248 p.
575 1192 678 1236 113:

386 1262 507 1303 Wollt
532 1262 621 1303 Gott
643 1269 751 1303 wdre
773 1264 836 1303 ich
856 1266 920 1303 ein
945 1264 1077 1304 lauter
1100 1263 1345 1316 Spieqelylas

383 1329 487 1370 Dass
510 1330 593 1370 sich
618 1331 680 1370 die
705 1331 985 1372 allerschonste
1003 1331 1112 1371 Fran

383 1396 450 1436 All
471 1410 633 1449 morqen
657 1411 731 1438 vor
752 1401 834 1438 mir
852 1400 1085 1451 pflanziert,

387 1464 507 1505 Wollt
534 1465 623 1506 (ἔστι
646 1471 752 1506 ωᾶνε
774 1466 837 1506 ich
862 1469 925 1506 ein
949 1467 1081 1506 seiden
1106 1465 1313 1505 Hemcllem
1336 1470 1446 1506 weiss

381 1531 485 1572 Dass
508 1532 610 1572 mich
635 1533 698 1573 die
722 1533 1002 1574 allerschousce
1026 1532 1135 1574 Frcm

326 1634 329 1641 .,
382 1598 444 1638 An
468 1599 594 1640 ihrem
612 1600 723 1640 Leibe
746 1605 871 1653 trttye.

110 1664 191 1705 Has
225 1677 269 1704 ex
302 1671 440 1705 nostro
475 1667 561 1706 sine
594 1667 713 1707 dubio
747 1668 1019 1708 Anacreonteo
1051 1669 1252 1708 desumtas
1288 1669 1605 1721 comparationes
1639 1670 1735 1711 aliae
1770 1684 1834 1711 se-

109 1738 304 1784 quuntur:
386 1733 506 1774 Wollt
531 1733 620 1774 Gott
639 1740 725 1775 wdr
747 1735 810 1775 ich
835 1738 899 1775 ein
922 1735 1012 1776 roth
1037 1735 1412 1788 Goldfinyerlein—

383 1800 503 1841 Wollt
529 1800 618 1842 Gotc
641 1807 747 1843 wdre
770 1803 833 1844 ich
858 1806 922 1843 ein
944 1802 1143 1844 Et'ckhorn
1166 1811 1299 1844 traun.

51 1883 54 1884 ⁷
109 1866 213 1915 Quin
239 1867 394 1907 Goethii
416 1880 575 1908 carmen
596 1870 735 1909 afferre
767 1870 920 1919 licebit,
961 1871 1067 1923 quod
1093 1870 1341 1910 inscribitur:
1385 1869 1629 1916 „Lieblzaber
1652 1875 1696 1912 in
1727 1873 1835 1913 allen

0 1932 6 1945 ’
109 1932 352 1975 Gestalten.“
399 1935 444 1974 In
485 1935 710 1976 universum
749 1937 867 1989 igitur
897 1938 1132 1978 sententiam
1172 1950 1273 1990 quae
1307 1938 1410 1978 inest
1442 1937 1482 1976 in
1518 1939 1710 1988 carmine,
1751 1952 1834 1980 non

107 2000 363 2054 abjudicarim
396 2002 446 2051 ab
480 2003 738 2044 Anacreontis
773 2004 930 2056 ingenio
964 2005 1094 2057 lepido
1129 2010 1167 2044 et
1201 2018 1336 2045 amore
1370 2005 1634 2055 inflammato,
1669 2007 1740 2046 sed
1770 2020 1834 2048 res

106 2067 216 2120 ipsae
240 2081 285 2109 ex
320 2069 445 2110 abaco
471 2070 557 2109 solo
592 2071 795 2111 desumtae
830 2072 962 2124 potius
995 2072 1226 2112 tribuendae
1256 2077 1350 2112 sunt
1382 2072 1639 2124 grammatico
1673 2073 1834 2114 serioris

104 2135 241 2176 aetatis
265 2149 383 2188 quam
407 2142 548 2188 poetae
571 2137 726 2177 Jonico.
786 2139 942 2186 Quanto
974 2139 1098 2190 magis
1129 2139 1329 2191 poeticum
1361 2151 1523 2179 sensum
1547 2139 1726 2180 redolent
1753 2140 1835 2194 lyra

0 2201 15 2242 ἑ
39 2244 43 2247 ,
105 2207 173 2242 aut
195 2202 304 2242 lebes
329 2215 446 2243 aurea
471 2217 493 2245 a
517 2204 681 2244 muliere
714 2210 870 2257 portata
905 2212 974 2246 aut
1005 2219 1100 2246 aura
1134 2206 1272 2246 afflans
1305 2212 1373 2247 aut
1402 2217 1494 2246 rosa
1517 2206 1558 2245 in
1582 2212 1745 2258 pectore
1768 2221 1833 2248 re-

105 2268 284 2310 condita!
342 2270 393 2310 At
426 2270 459 2309 si
493 2271 646 2310 initium
682 2272 866 2312 carminis
891 2278 1140 2325 spectamus,
1176 2265 1381 2314 manifesta
1407 2273 1651 2324 grammatici
1674 2276 1834 2327 vestigia

102 2342 308 2388 apparent.
367 2337 510 2378 Nonne
536 2338 639 2377 enim
665 2338 780 2390 plane
804 2339 1013 2379 ridiculum
1038 2346 1097 2380 est
1121 2342 1258 2381 afferre
1282 2339 1430 2379 Niobes
1466 2340 1708 2392 exemplum,
1734 2355 1835 2395 quae

103 2402 240 2442 dolore
264 2410 448 2456 superata
471 2411 647 2445 mutatur
671 2406 808 2454 forma,
837 2412 903 2446 aut
925 2407 1113 2456 Procnes,
1140 2420 1308 2459 quarum
1333 2406 1474 2447 fabulis
1498 2419 1581 2446 non
1605 2407 1679 2448 alia
1704 2409 1832 2461 majo-

103 2481 187 2509 rem
212 2470 352 2522 excitat
375 2471 759 2512 commiserationem
784 2472 825 2512 in
848 2473 938 2513 lusu
962 2473 1173 2514 amatorio!
1233 2475 1336 2514 Tum
1362 2474 1520 2513 demum
1543 2474 1642 2514 haec
1667 2487 1832 2528 compa·

102 2548 189 2575 rare
211 2536 373 2586 licebat,
421 2551 512 2578 cum
536 2538 689 2579 fabulae
713 2539 822 2591 ipsae
856 2553 900 2580 ex
924 2541 1060 2593 populi
1085 2541 1272 2593 religione
1298 2547 1414 2594 atque
1449 2540 1555 2580 cultu
1590 2541 1707 2593 plane
1741 2556 1832 2584 eva-

13 2618 25 2647 :
101 2602 282 2643 nuissent
305 2617 432 2657 neque
456 2611 588 2644 essent
611 2605 687 2645 nisi
712 2613 942 2648 ornamenta
975 2609 1165 2661 quaedam
1191 2622 1212 2648 a
1234 2607 1497 2660 grammaticis
1524 2619 1681 2648 summo
1700 2610 1831 2650 studio

100 2670 320 2722 conquisita
365 2671 683 2724 carminibusque
716 2673 857 2713 addita.
918 2675 960 2714 Id
984 2675 1114 2727 ipsum
1139 2680 1422 2727 perspexerunt
1455 2674 1651 2725 Degenius
1685 2676 1746 2716 ed.
1783 2677 1832 2717 11.

99 2749 141 2788 p.
165 2733 236 2786 27,
261 2737 327 2790 qui
352 2750 397 2777 ex
421 2738 578 2778 duobus
603 2740 831 2790 fragmentis
857 2741 1037 2781 odarium
1065 2743 1280 2782 conflatum
1306 2746 1460 2789 censet,
1505 2741 1666 2793 Wolper
1694 2756 1735 2794 p.
1764 2740 1830 2790 19,

98 2802 278 2844 Welcker
301 2804 417 2845 Gens.
444 2806 544 2845 Mus.
570 2806 693 2846 Rhen.
720 2821 759 2858 p.
786 2808 851 2847 111.
878 2821 917 2860 p.
945 2805 1051 2857 303;
1077 2809 1238 2861 copiose
1263 2809 1421 2861 quidem
1446 2808 1516 2847 sed
1542 2809 1831 2849 inconsiderate

100 2869 271 2910 defendit
294 2871 510 2911 Schneider
541 2885 582 2924 p.
617 2854 701 2912 507
736 2874 927 2914 odarium.
989 2875 1178 2915 Cumulus
1214 2876 1326 2928 quasi
1363 2875 1409 2916 ad
1436 2875 1533 2914 haec
1560 2875 1691 2914 omnia
1715 2888 1830 2915 acce·

0 2963 35 2995 ,5
97 2935 174 2983 dit,
210 2937 316 2989 quod
351 2938 518 2989 plurima
552 2939 867 2980 homoeoteleuta
903 2942 942 2980 in
967 2955 1151 2982 versuum
1183 2943 1285 2982 exitu
1310 2941 1582 2988 inveniuntur,
1630 2944 1830 2994 quaejam

1518 3007 1538 3038 4
