1910 3268
914 125 971 167 47

79 233 267 296 mutanda
299 254 380 306 lyra
415 252 513 293 nibil
553 251 745 300 effecerit,
787 251 1065 292 abstinendum
1102 251 1218 304 plane
1256 250 1306 291 ab
1340 249 1529 290 heroibus
1565 249 1808 290 celebrandis

12 366 16 368 ‚
80 321 232 375 totique
254 320 331 361 sibi
365 320 415 360 ad
437 320 604 360 Amores
629 318 936 359 convertendum
966 324 1112 359 censet.
1172 317 1308 367 Quivis
1332 317 1436 357 videt
1453 321 1613 369 poetam
1642 318 1810 370 praefari

3 387 16 426 -’
80 388 375 442 quodammodo
396 386 639 429 carminibus
658 386 873 443 amatoriis,
905 398 979 426 cur
997 386 1107 439 epica
1134 386 1307 426 carmina
1332 398 1415 425 non
1438 390 1595 437 pangat,
1621 397 1809 438 compro·

80 455 263 498 bamms.
320 455 380 495 Ad
399 455 559 507 epicum
582 467 706 506 genus
726 454 1029 506 significandum
1048 459 1128 494 tres
1147 454 1315 494 maxime
1334 452 1510 504 insignes
1529 452 1660 505 cyclos
1678 453 1812 493 nomi-

81 529 172 566 nat:
216 523 458 576 Trojanum‚
492 521 751 571 Thebanum,
786 521 1037 562 Herculeum.
1092 522 1229 574 Neque
1251 521 1416 574 injuria,
1452 522 1659 573 cujusnam
1678 521 1812 574 potius

83 597 228 646 poetae
248 591 424 633 carmina
450 590 563 643 quasi
581 589 732 629 heroici
753 589 939 629 carminis
968 589 1144 641 exempla
1168 601 1393 641 proponere
1412 593 1570 640 poterat
1590 601 1710 641 quam
1728 588 1812 628 Ho-

844 657 852 664 ι
900 656 909 664 0
956 657 964 664 ι
1015 658 1023 664 .

0 718 15 729 ”
43 734 46 739 ’
86 728 116 768 1.
142 723 287 781 p.,123
307 731 347 766 et
369 725 572 774 Pisandri,
603 724 670 777 qui
699 737 803 764 unus
834 724 884 764 ab
904 723 1175 764 Alexandrinis
1195 723 1340 763 criticis
1362 723 1502 774 dignus
1521 723 1721 775 judicatus
1741 730 1813 772 est,

86 801 133 836 ut
161 806 256 835 cum
272 793 446 833 Homero
477 797 516 832 et
548 791 721 832 Hesiodo
755 791 960 844 epicorum
992 791 1232 831 insereretur
1259 789 1433 830 canoni?
1490 791 1655 832 Maxima
1684 797 1815 832 autem

84 861 319 915 simplicitas
347 861 389 900 in
418 861 498 917 h9c
528 858 701 900 carmine
739 864 903 913 apparet
936 871 1028 899 cum
1064 858 1221 911 poetico
1254 858 1387 898 colore
1417 858 1650 911 conjuncta3
1694 872 1815 912 quare

88 929 236 971 nullius
271 928 455 969 editionis
489 940 572 967 non
604 927 761 968 laudem
791 927 900 976 tulit;
943 926 1213 966 Mehlbornius
1246 939 1286 978 p.
1315 922 1395 966 101
1420 926 1579 966 Anthol.
1604 926 1675 979 lyr.
1696 940 1736 979 p.
1761 923 1818 967 87

14 1016 20 1022 ’-
85 996 191 1038 inter
210 995 550 1051 praestantissima
573 995 953 1035 Anacreonticorum
984 995 1129 1033 referre
1153 1005 1236 1032 non
1265 993 1429 1033 dubitat.
1489 993 1667 1034 Plurium
1691 995 1815 1035 Amo-

0 1078 5 1085 *
61 1076 178 1105 ·rum
201 1062 601 1104 commemoratio-ah
625 1062 872 1104 Anacreonte
896 1075 979 1102 non
999 1062 1124 1103 aliena
1150 1067 1227 1110 est,
1260 1060 1326 1114 qui
1352 1061 1555 1101 Simonide
1586 1067 1748 1101 auctore
1770 1063 1816 1102 A.

86 1132 133 1173 P.
156 1131 238 1172 Vll.
268 1144 310 1172 n.
343 1127 400 1172 25
434 1129 537 1182 μέλη
571 1126 764 1171 πνειόντα
789 1126 974 1182 Ἐρώτων
1009 1129 1247 1182 composuit.
1304 1128 1449 1168 Versus
1492 1129 1640 1181 optime
1675 1130 1816 1170 fluunt.

86 1200 204 1249 Quod
222 1199 277 1240 ad
291 1198 697 1251 dialectum-pertinet,
723 1198 876 1239 etiamsi
888 1198 982 1238 illud
997 1192 1021 1236 ἆ
1035 1193 1234 1248 βάρβιτος
1256 1202 1431 1237 mutetur
1454 1196 1495 1236 in
1512 1192 1534 1236 ὃ
1556 1194 1754 1250 βάρβιτος
1766 1198 1817 1238 cf.

85 1266 483 1315 Jac.Anth.Pal.vll‚
501 1263 570 1307 25.
587 1263 676 1315 v.4‚
693 1272 816 1307 restat
838 1272 969 1305 tamen
991 1270 1029 1304 et
1043 1264 1234 1317 genitivus
1254 1260 1504 1317 Ἶ-Ιρακλέους
1526 1265 1643 1318 plane
1661 1266 1710 1305 ad
1728 1265 1819 1305 atti-

0 1335 4 1339 ’
35 1349 39 1353 ·
91 1347 178 1381 cam
197 1333 393 1374 rationem
414 1335 700 1383 conformatus,
726 1347 818 1374 cum
834 1334 951 1373 Iones
966 1328 1192 1385 ςΗρακλεός
1216 1333 1348 1374 dicant
1366 1338 1405 1373 et
1422 1329 1581 1379 ἄθλους
1595 1346 1670 1386 pro
1687 1333 1819 1373 ionico

0 2031 21 2148 *tarr-vt
0 1975 19 2018 ψ
0 1943 10 1966 *t
2 1923 7 1933 ··
0 1896 3 1910 ⁴*
0 1878 7 1883 '
0 1793 18 1801 x

34 2122 42 2129 ,

88 1401 280 1448 ἀέθλους.
341 1402 451 1450 Quae
476 1414 567 1442 cum
587 1401 640 1442 ita
673 1402 774 1450 sint,
800 1414 898 1441 num
921 1401 1160 1441 Anacreonti
1184 1400 1261 1453 ipsi
1284 1400 1537 1442 tribuendum
1565 1401 1619 1441 sit
1647 1413 1819 1451 carmen,

90 1471 306 1524 quaeritur.
348 1469 512 1510 Latinos
540 1475 679 1521 poetas
713 1469 797 1522 jam
826 1468 986 1509 novisse
1027 1481 1187 1509 carmen
1226 1482 1466 1522 quamquam
1497 1482 1544 1509 ex
1571 1469 1723 1509 Horatii
1745 1470 1819 1510 od.

89 1539 140 1588 11,
166 1535 242 1587 12,
277 1550 396 1591 quam
431 1537 675 1589 comparavit
695 1537 1017 1590 Longepetraeus
1047 1550 1088 1589 p.
1114 1533 1181 1585 14,
1216 1549 1299 1576 non
1318 1536 1460 1589 liquet,
1502 1542 1634 1577 tamen
1655 1543 1695 1577 et
1718 1537 1819 1577 Pro-

90 1606 207 1659 pertii
225 1605 285 1646 El.
305 1605 372 1653 111,
396 1602 437 1653 7,
462 1602 540 1645 37:

386 1673 477 1712 Non
501 1672 605 1712 flebo
626 1673 668 1712 in
693 1672 845 1712 cineres
866 1685 997 1712 arcem
1022 1672 1165 1712 sidisse
1189 1678 1376 1725 paternos

387 1740 523 1781 Cadmi
549 1753 622 1780 nec
646 1753 806 1793 semper
828 1740 976 1793 proelia
999 1739 1108 1779 clade
1130 1740 1235 1792 pari3

385 1808 468 1848 Nec
487 1804 653 1848 referam
673 1809 817 1849 Scaeas
843 1814 882 1848 et
903 1808 1094 1860 Pergama
1117 1807 1310 1860 Apollinis
1334 1815 1437 1849 artes

387 1876 437 1915 Et
456 1877 635 1916 Danaum
659 1876 869 1916 undecimo
892 1888 982 1916 vere
1002 1876 1152 1916 redisse
1176 1881 1280 1916 rates
1305 1882 1380 1915 etc.

51 1930 54 1935 “
95 1950 134 1984 et
157 1944 284 1985 ovidii
306 1944 395 1983 Am.
417 1943 447 1992 1,
474 1941 517 1983 1:

388 2011 506 2051 Arma
532 2011 638 2062 gravi
662 2023 828 2051 numero
857 2011 1102 2063 violentaque
1122 2010 1223 2050 bella
1247 2011 1435 2062 parabam

385 2079 512 2118 Edere
531 2078 692 2118 materia
719 2078 975 2118 conveniente
999 2079 1142 2118 modis.

96 2153 136 2188 et
153 2149 240 2189 Am.
262 2148 293 2197 Ι,
316 2145 354 2196 1,
380 2144 421 2187 2.
445 2143 495 2187 8:
540 2147 709 2195 „Ferrea
737 2158 827 2185 cum
853 2146 992 2185 vestris
1022 2146 1122 2186 bella
1152 2146 1274 2186 valete
1298 2147 1480 2195 modis‚“
1516 2148 1658 2188 animis
1680 2149 1822 2190 obver-

97 2221 228 2256 satum
249 2215 401 2255 videtur
421 2227 522 2254 esse.
582 2212 775 2253 Carminis
805 2214 924 2266 igitur
947 2220 1223 2266 argumentum
1254 2213 1303 2254 ab
1324 2215 1571 2267 Anacreonte
1591 2215 1822 2269 abjudican-

99 2283 195 2324 dum
217 2295 300 2322 non
322 2282 492 2331 videtur,
527 2294 752 2334 quanquam
773 2282 922 2322 formae
942 2294 1014 2334 per
1033 2287 1258 2334 temporum
1279 2282 1419 2322 seriem
1443 2296 1486 2322 ex
1507 2282 1637 2323 ionica
1658 2284 1823 2324 dialecto

98 2351 148 2391 ad
166 2351 324 2391 atticam
344 2350 515 2389 deflexae
536 2354 641 2388 sunt.

211 2417 383 2457 Carmini
403 2417 532 2470 primo
554 2416 794 2456 simillimum
815 2429 902 2456 esse
923 2429 1083 2457 carmen
1100 2417 1183 2457 XVI
1206 2415 1276 2469 (Μ.
1290 2413 1368 2469 κς’)
1384 2418 1468 2470 jam
1488 2400 1583 2458 vidit
1599 2418 1822 2471 Stephanus

101 2485 162 2525 ed.
184 2497 244 2538 pr.
264 2497 304 2536 p.
325 2480 403 2531 603
439 2484 564 2524 multo
595 2486 793 2536 posterius
822 2484 1052 2524 exstiterunt
1083 2486 1187 2525 inter
1214 2498 1362 2538 eosque
1391 2486 1630 2526 novissimus
1649 2486 1823 2540 Wolper,

101 2552 169 2605 qui
200 2563 359 2591 carmen
391 2551 469 2590 hoc
498 2552 547 2591 ad
577 2551 694 2603 primi
733 2552 953 2604 exemplum
985 2553 1250 2605 compositum
1291 2566 1379 2593 esse
1414 2560 1641 2602 censerent3
1687 2562 1823 2595 contra

101 2619 408 2659 Wiedemannus
429 2631 469 2671 p.
490 2614 532 2658 8.
552 2618 812 2658 imitationem
832 2619 980 2659 nullam
1004 2632 1223 2671 agnoscens
1243 2620 1482 2660 Anacreonti
1512 2621 1699 2661 adscribit
1728 2623 1825 2662 oda-

101 2686 225 2736 rium,
256 2686 376 2726 modo
401 2683 539 2733 καινὸς
558 2691 732 2725 mutetur
755 2686 794 2725 in
816 2685 964 2732 ἐκεῖνος
982 2687 1290 2740 suppleaturque
1309 2687 1392 2728 ἐστὶ
1414 2688 1463 2728 ad
1487 2688 1665 2729 ultimam
1697 2702 1825 2728 enun-

103 2753 326 2795 ciationem.
366 2753 447 2806 Ipsi
481 2765 581 2806 quae
615 2753 668 2793 sit
701 2754 886 2794 carminis
922 2755 1114 2795 sententia
1144 2755 1368 2796 videamus:
1409 2769 1491 2795 non
1511 2755 1648 2796 abnuit
1667 2757 1824 2808 quidem

0 2826 50 2869 ,μζ
103 2825 219 2873 poeta
239 2821 446 2861 decantare
465 2821 564 2860 bella
585 2825 701 2873 atque
720 2822 1039 2873 expugnationes,
1066 2822 1135 2862 sed
1158 2822 1252 2863 dum
1277 2823 1341 2863 alii
1361 2830 1429 2864 aut
1446 2824 1657 2876 Trojanam
1681 2824 1830 2863 cladem

104 2893 173 2928 aut
206 2887 436 2929 Thebanam
467 2888 685 2936 celebrent,
723 2889 924 2941 quomodo
954 2889 1041 2942 ipse
1070 2896 1314 2943 expugnatus
1345 2891 1397 2931 sit
1427 2904 1509 2930 non
1539 2890 1587 2930 ab
1617 2890 1827 2942 equitibus,

105 2966 187 2994 non
216 2961 317 2995 terra
346 2956 491 2996 marive
524 2955 594 2996 sed
626 2968 728 2995 novo
762 2956 878 3008 plane
909 2969 954 2996 ex
984 2957 1118 2997 ocellis
1149 2963 1285 2998 exorto
1316 2958 1486 2998 exercitu
1526 2958 1574 2996 cf.
1609 2958 1675 2996 As.
1698 2957 1830 2997 Gallus
