1910 3268
987 112 1041 155 10

958 271 996 326 ς.
1028 269 1067 312 2.

465 374 556 417 Quae
573 374 702 417 poetica
720 375 755 404 et
771 372 952 405 carminum
968 372 1186 405 Anacreontis
1208 376 1243 404 ct
1259 370 1557 405 Anacreontcorum

911 433 1032 462 natura
1048 429 1104 461 sit.

261 510 330 549 llis
351 509 560 561 disputatis
591 520 681 548 cum
705 507 963 548 Anacreontis
987 509 1159 549 carmina
1181 508 1304 549 multo
1325 507 1440 548 latius
1470 507 1648 560 patuisse
1673 508 1872 561 appareat,

150 590 267 630 quam
289 589 389 629 quae
410 577 493 629 ejus
508 577 670 616 nomine
688 576 1029 626 circumferuntur,
1052 576 1085 616 si
1100 576 1148 616 ad
1160 566 1359 629 poeticam
1373 576 1736 616 Anacreonteorum
1750 575 1873 616 ratio-

152 657 242 684 nem
264 644 388 695 magis
409 643 718 695 investigandam
747 643 1042 697 progredimur,
1074 649 1113 684 et
1138 643 1376 696 scriptorum
1407 643 1631 684 testimonia
1659 643 1875 694 colligenda

149 717 243 752 sunt
263 717 302 751 et
320 709 491 764 ἐρωτικὰ
513 717 630 765 atque
650 711 839 765 παροίνια
861 711 1029 764 genuina
1059 724 1150 752 cum
1171 711 1245 751 illis
1276 711 1555 764 comparanda.
1594 711 1653 751 Ex
1678 710 1875 764 epithetis,

150 779 293 832 quibus
315 779 529 832 scriptores
558 785 747 821 exornant
765 785 944 833 poetam,
975 792 1138 832 parvum
1159 779 1317 832 quidem
1337 784 1523 819 nascetur
1551 779 1874 824 emolumentum,

150 860 241 887 cum
261 847 430 888 maxime
449 847 528 887 sint
547 848 773 888 communia
794 853 909 900 atque
929 847 1083 896 usitata,
1105 846 1392 888 nihilominus'
1381 859 1468 899 lpsa
1488 846 1711 886 videamus:

264 913 370 968 1)Σ
331 912 506 968 aong
527 916 574 956 cf.
599 915 689 956 Ath.
703 915 778 964 XV,
800 928 840 967 p.
862 911 959 954 687.
981 915 1082 965 XIII,
1104 911 1189 955 600
1209 919 1247 954 et
1269 910 1396 966 Ίήϊος
1419 910 1682 967 σοφιστής
1707 914 1755 953 cf.
1777 913 1875 953 Max.

151 984 243 1036 Tyr.
274 983 380 1032 V,III
411 980 468 1023 96
497 983 660 1032 dieitur,
692 983 798 1035 quod
825 982 921 1022 nihil
947 983 1050 1022 aliud
1071 981 1265 1034 significat
1284 981 1360 1021 nisi
1380 986 1537 1035 poetam
1567 982 1608 1022 in
1638 981 1878 1028 universum,

151 1051 298 1104 quippe
327 1051 394 1104 qui
423 1051 560 1091 altiore
600 1051 769 1103 quadam
798 1062 931 1090 rerum
965 1049 1180 1090 divinarum
1214 1055 1333 1102 atque
1359 1049 1623 1089 humanarum
1653 1047 1879 1100 cognitione

151 1119 225 1159 srui
255 1119 432 1158 videatur
462 1119 510 1159 cf.
547 1118 707 1158 Richter
736 1131 775 1170 p.
804 1114 870 1157 19.
900 1117 991 1157 Non
1021 1129 1188 1169 possum
1212 1129 1295 1156 non
1318 1117 1543 1157 adscribere
1566 1115 1745 1157 Fischeri
1762 1114 1881 1155 verba

151 1186 212 1226 ed.
232 1187 375 1227 Anacr.
396 1186 431 1225 II
445 1201 516 1239 ‚.p
541 1183 642 1235 139,
672 1186 776 1225 unde
797 1185 891 1238 quid
919 1185 985 1224 ille
1001 1197 1074 1237 pro
1105 1184 1262 1236 poetico
1284 1185 1440 1236 ingenio
1461 1184 1668 1224 venditarit
1697 1186 1881 1236 apparet:

151 1252 301 1306 »σοφοὶ
322 1259 415 1293 sunt
434 1259 593 1306 poetae3
620 1266 712 1293 nam
740 1266 856 1293 nemo
880 1252 1049 1293 audebat
1068 1257 1151 1292 tum
1172 1257 1354 1305 poemata
1384 1251 1558 1292 scribere
1586 1251 1663 1291 nisi
1691 1250 1884 1329 quiesset

147 1321 384 1374 „egregie
405 1319 695 1374 doctus(!!)

262 1387 308 1442 2)
323 1387 577 1435 Ἥδιστος
596 1389 687 1429 Ath.
708 1389 804 1437 XIV,
825 1385 922 1429 634.
946 1401 994 1437 c.,
1016 1382 1293 1439 μελιχρός,
1318 1387 1407 1429 Ath.
1429 1387 1513 1436 XV,
1535 1384 1632 1426 671.
1655 1398 1688 1426 e.
1710 1382 1808 1426 673.
1829 1385 1882 1434 (1,,

149 1453 319 1508 βύβλων
353 1453 379 1510 ἢ
413 1453 641 1510 γλυκερὴ
677 1452 822 1502 πεντάς
848 1456 1001 1507 Crinag.
1023 1455 1064 1495 in
1083 1455 1201 1494 Anth.
1223 1454 1306 1494 Pal.
1327 1455 1400 1503 IX,
1423 1468 1464 1507 p.
1485 1451 1554 1494 81.
1575 1467 1615 1494 n.
1636 1450 1739 1502 239,
1761 1450 1886 1492 Ἀνα-

153 1525 338 1578 κρείοντα
362 1523 410 1565 τὸ
433 1523 508 1576 μὲν
531 1521 693 1578 γλυκὺ
717 1528 821 1563 κεῖνο
846 1521 1024 1575 μέλισμα
1056 1520 1249 1574 νέκταρος
1277 1522 1437 1574 Meleag.
1468 1522 1653 1562 Prooem.
1684 1521 1730 1562 A.
1757 1521 1802 1561 P.
1823 1520 1883 1569 lv,

156 1608 194 1647 p.
216 1591 284 1643 71,
307 1594 555 1633 Anacreonta
577 1592 758 1632 dulces
780 1591 1056 1643 composuisse
1078 1590 1291 1631 cantilenas
1314 1591 1406 1631 Ter.
1428 1590 1551 1630 Maur.
1573 1603 1614 1642 p.
1638 1585 1767 1631 1246:
1787 1578 1886 1628 haec

156 1661 289 1702 omnia
309 1660 510 1700 referenda
530 1659 711 1700 videntur
730 1665 769 1699 et
787 1659 834 1699 ad
856 1672 919 1698 rcs
942 1658 1050 1712 ipsas
1071 1671 1168 1710 quas
1190 1658 1368 1698 tractavit
1386 1657 1594 1697 Anacreon
1621 1662 1660 1697 et
1678 1657 1727 1697 ad
1748 1668 1884 1696 versus

156 1729 296 1769 leniter
325 1729 493 1768 fluentes
524 1727 813 1779 verborumque
843 1725 1165 1779 conjunctionem
1204 1725 1366 1765 auribus
1400 1731 1564 1777 gratam.
1615 1725 1745 1773 Quare
1774 1723 1886 1764 facile

155 1797 363 1837 Anacreon
384 1795 625 1835 audientium
647 1795 801 1834 animos
822 1794 973 1834 irretire
1003 1793 1221 1833 carminum
1242 1793 1435 1832 illecebris
1455 1793 1660 1833 videbatur
1689 1792 1737 1832 cf.
1767 1790 1885 1830 Anth.

142 1865 240 1905 Pal.
262 1864 329 1913 lx,
349 1877 390 1916 p.
410 1860 507 1904 203.
530 1877 569 1904 n.
592 1859 696 1903 571:
718 1859 847 1901 πειθιὲ
867 1859 1139 1913 Ἀνακρειόντι
1155 1859 1386 1901 συνέσπετο.
1432 1860 1644 1912 Gregorius
1666 1860 1886 1900 Comment.

157 1933 198 1972 in
218 1932 404 1984 Hermog.
426 1946 466 1985 p.
486 1928 572 1972 914
602 1944 693 1971 cum
715 1929 893 1983 αἰσχρῶς
917 1924 1170 1969 κολα-κεύειν
1203 1928 1296 1969 dixit
1320 1926 1449 1968 ἐκεῖνα
1482 1924 1562 1969 ὅσα
1596 1925 1695 1968 εἰσὶν
1719 1923 1889 1980 ἐρωτικὰ

157 1995 243 2040 οἷον
275 1998 328 2041 τὰ
349 1996 639 2052 Ἀνακρέοντος
671 1995 722 2038 τὰ
747 1998 948 2051 Σαπφοῦς
973 2001 1097 2036 certas
1130 1996 1283 2036 dicendi
1315 1996 1503 2036 formulas
1533 1996 1661 2036 affert:
1689 1990 1890 2048 γάλακτος

157 2064 395 2121 λευκοτέρα,
420 2064 573 2115 ὓδατος
595 2062 852 2120 ἁπαλωτέρα,
879 2063 1073 2117 πηκτίδος
1096 2062 1380 2117 ἐμμελεστέρα,
1401 2061 1528 2103 ἰ’ππου
1552 2060 1792 2116 γαυροτέρα,
1818 2056 1893 2115 ῥό-

159 2135 243 2176 δων
268 2131 495 2189 ἄβροτέρα,
524 2136 679 2189 χρυσοῦ
703 2131 946 2187 τιμιωτέρα,
982 2129 1144 2183 ἱματίου
1179 2127 1301 2173 ἑανοῦ
1322 2127 1607 2184 μαλακωτέρα.
1663 2129 1779 2183 Apud
1799 2129 1889 2169 Gel-

157 2204 255 2246 lium
275 2204 324 2244 N.
346 2204 390 2245 A.
414 2200 488 2253 19,
509 2200 537 2243 9
566 2202 700 2255 ecquis
721 2207 951 2243 nostrorum
975 2198 1242 2253 (Latinorum)
1265 2204 1473 2252 poetarum
1499 2203 1579 2238 tam
1608 2198 1775 2238 fluentes
1802 2208 1889 2236 car-

158 2273 311 2312 minum
332 2271 489 2311 delicias
511 2271 689 2319 fecisset,
721 2270 798 2310 nisi
819 2269 992 2310 Catullus
1012 2291 1068 2297 --
1091 2269 1192 2308 sorte
1220 2280 1347 2320 pauca
1367 2271 1407 2306 et
1427 2266 1566 2306 Calvus
1597 2265 1731 2305 itidem
1751 2275 1890 2316 pauca,

159 2340 404 2391 interrogant
424 2338 603 2378 Graeculi
624 2337 819 2378 homines.
840 2359 897 2365 —
938 2336 1064 2387 Atque
1084 2335 1178 2375 illud
1198 2335 1329 2387 ipsum
1350 2333 1509 2373 ludendi
1528 2331 1764 2372 vocabulum
1784 2331 1891 2384 quod

159 2407 344 2447 Horatius
366 2407 414 2447 de
434 2406 682 2446 Anacreonte
701 2410 868 2456 usurpat
888 2404 960 2444 Od
978 2404 1037 2451 IV,
1053 2400 1092 2451 9,
1110 2399 1186 2451 9:,
1191 2414 1278 2450 ,nec
1298 2401 1332 2441 si
1352 2401 1446 2453 quid
1467 2400 1560 2440 olim
1580 2399 1674 2439 lusit
1684 2399 1892 2439 Anacreon

160 2474 295 2514 referri
315 2487 398 2514 non
418 2478 551 2526 potest
569 2473 646 2513 nisi
667 2473 716 2513 ad
736 2484 781 2523 gl
782 2471 997 2513 at1SS1mam
1019 2470 1122 2510 illam
1150 2470 1291 2509 Ionum
1320 2468 1512 2508 levitatem
1534 2480 1634 2520 quae
1654 2472 1694 2507 et
1711 2467 1752 2507 in
1772 2478 1890 2550 argu-

160 2542 302 2583 mentis
324 2541 536 2592 deligendis
558 2546 596 2580 et
615 2540 655 2580 in
676 2545 781 2580 exte1
782 2552 832 2579 na
853 2540 978 2579 sonna
1000 2543 1173 2591 apparet.

273 2607 335 2662 3)
340 2609 406 2648 Le
417 2608 732 2661 p1d1ss1mos
773 2619 910 2646 ve1sus
941 2605 1046 2645 senis
1080 2605 1225 2645 Gellius
1257 2604 1281 2644 Ι.
1313 2603 1338 2644 l.
1369 2602 1628 2643 Anacreontis
1658 2614 1746 2642 esse
1783 2600 1890 2640 dicit.

161 2677 264 2726 Quid
283 2676 402 2728 lepidi
422 2688 558 2715 versus
580 2675 669 2724 sint,
693 2687 737 2714 ex
756 2674 844 2713 loco
867 2672 1067 2713 Ciceronis
1090 2671 1295 2724 apparebit
1314 2671 1363 2711 ad
1384 2671 1474 2710 Her.
1496 2670 1556 2718 lv,
1577 2667 1653 2718 23,
1675 2667 1744 2708 ubi
1763 2668 1892 2720 lepida

161 2750 200 2784 et
220 2743 415 2785 concinna
431 2742 599 2795 opponit
612 2741 787 2793 pulchris
808 2745 846 2780 et
865 2739 1019 2792 ampliS‚
1042 2751 1141 2791 quae
1162 2739 1228 2778 diu
1243 2738 1397 2790 placere
1411 2736 1568 2790 possint
1586 2736 1679 2776 dum
1703 2735 1766 2776 illa
1783 2734 1894 2775 facile

162 2812 339 2853 satietate
359 2810 512 2851 animos
533 2809 717 2850 afficiant.
757 2808 801 2847 Id
822 2807 925 2846 enim
946 2806 1182 2846 Anacreonti
1204 2806 1319 2846 datur
1338 2811 1383 2845 ut
1402 2805 1442 2844 in
1464 2804 1637 2844 carmine
1667 2802 1782 2843 certis
1802 2802 1892 2842 fini-

162 2880 237 2920 bus
259 2878 559 2930 circumscripto
581 2876 710 2927 imago
733 2875 923 2928 quaedam
943 2879 1011 2914 aut
1032 2873 1224 2913 sententia
1245 2873 1424 2913 absoluta
1445 2876 1714 2924 proponatur,
1746 2870 1785 2910 in
1816 2882 1893 2921 qua

163 2947 293 2987 omnia
315 2947 415 2987 bene
436 2944 626 3015 disposita
648 2949 763 2996 atque
784 2946 1008 2994 comparata
1029 2946 1132 2981 sunt.
