1910 3268
0 2938 21 2967 lv

0 2976 24 3032 {²

0 1582 27 1723 ξ-’θῆῗῆἳῖἡιῖ
0 1531 21 1561 ’,Ἅι
5 1450 20 1494 ·-'>',
0 1399 21 1427 ,”“
2 1375 5 1377 “
15 1332 17 1334 «
13 1290 17 1298 ,-
6 1260 20 1275 22·
6 1207 17 1227 ⁴1·
3 1158 17 1171 ’ν’
2 1039 6 1086 ”
11 1002 13 1016 *2
12 978 15 986 υ
10 827 11 832 ⁴
7 761 14 776 ⁴¹

980 141 1037 186 85

3 255 15 260 ⁴
72 266 77 270 ’
149 271 239 313 cum
270 270 460 331 Naidibus
496 271 717 319 ludentem3
742 270 884 310 fluvius
909 274 1039 309 autem
1064 278 1232 321 puerum
1257 277 1303 306 ex
1332 263 1449 305 undis
1471 263 1604 315 abigit,
1639 275 1689 303 ne
1712 259 1870 303 inflam-

149 345 292 396 metur.
316 339 405 389 Jam
424 339 747 392 poetaAmorem
767 337 960 390 prendere
981 347 1250 389 prensumque
1269 333 1482 388 Juvenibus
1506 333 1730 373 monstrare
1749 330 1871 382 cupit,

149 407 220 447 sed
242 407 400 447 frustra.
432 406 628 457 Aufugere
651 406 774 445 Amor
792 405 934 456 jocans
962 403 1230 455 illudensque3
1250 408 1343 442 *tum
1372 401 1535 441 sundere
1561 411 1697 439 vocem
1718 397 1874 438 dulcem

150 474 450 514 addesiderium
462 473 722 521 excitandum,
748 477 831 511 tum
843 484 1005 512 manum
1017 470 1173 522 igneam
1185 482 1358 518 movere,
1384 463 1468 508 tum
1487 473 1605 507 ventu
1624 465 1788 520 celerius
1801 476 1873 503 au-

149 536 383 593 fugerffllm
396 553 518 593 super
533 545 690 592 poetam
702 544 1003 594 persequentem
1023 538 1149 586 salire,
1162 538 1289 589 usq'ue
1310 531 1404 576 dum
1422 536 1602 587 fatigatus
1614 535 1677 574 ille
1695 547 1717 574 a
1735 544 1873 585 perse-
1895 552 1899 556 ·

149 608 307 661 quendo
321 613 461 648 cesset.
487 608 574 647 Jam
592 606 696 646 rosis
709 607 880 659 jactatus
892 611 1008 658 poeta
1021 606 1069 644 ad
1082 617 1279 644 summam
1297 603 1447 643 rabiem
1464 603 1754 649 inflammatum
1779 598 1874 652 quin

148 664 320 716 Amorin
340 674 550 715 arboribus
570 674 790 727 procedens
802 669 904 713 serta
917 672 1095 720 demittit,
1118 671 1286 723 denique
1295 671 1334 710 in
1347 671 1481 710 silvam
1495 682 1659 722 opacam
1673 669 1875 719 ingressus

145 742 322 796 jaculum
357 742 482 781 tendit
513 742 555 789 in
585 746 726 794 poetae
756 740 930 780 medium
962 752 1044 779 cor.
1074 739 1259 790 HSodales
1294 743 1338 778 ut
1371 738 1555 777 auxilium
1588 737 1715 776 serant
1743 747 1875 775 reme-

79 811 85 815 '
152 807 339 862 diumque
362 806 509 848 amoris
540 809 693 857 dicant,
730 807 959 847 excitantur.
1009 807 1108 846 Cum
1139 805 1357 846 absentiam
1394 804 1492 844 nolit
1524 809 1666 856 poeta,
1702 803 1807 844 aliud
1841 802 1877 841 ei

151 875 329 920 subdunt
361 875 481 924 socii,
513 880 651 916 noctes
687 888 778 915 cum
808 874 968 916 Achillis
996 865 1124 913 *sociis*
1159 872 1379 925 pervigilari
1408 871 1608 925 jubentes.
1653 871 1730 910 Sed
1760 866 1910 922 poeta'

153 956 244 984 cum
268 943 343 983 iter
365 943 517 983 nesciat
542 943 590 982 ad
612 943 773 994 vigilias,
799 943 986 982 Amorem
1013 941 1197 981 comitem
1223 940 1299 980 sibi
1324 939 1441 991 eligit.
1459 962 1517 967 —
1540 939 1663 978 Poeta
1688 937 1878 979 nonsine

152 1011 308 1064 poetica
333 1011 506 1063 quadam
523 1011 560 1050 vi
586 1016 701 1063 atque
728 1016 811 1050 arte
829 1009 986 1049 Amoris
1018 1021 1081 1048 rcs
1114 1013 1243 1060 gestas
1267 1007 1385 1047 nobis
1419 1006 1628 1059 proponit;
1662 1006 1703 1045 in
1727 1004 1878 1044 descri-

152 1078 283 1118 benda
303 1079 387 1131 ejus
408 1083 547 1118 natura
568 1078 664 1117 nihil
684 1077 857 1127 obscuri,
882 1077 978 1117 nihil
999 1089 1225 1129 repugnans
1249 1075 1364 1125 inest,
1393 1086 1618 1128 quanquam
1642 1086 1725 1113 non
1747 1071 1881 1112 omnia

152 1145 325 1199 epitheta
362 1145 464 1185 bene
506 1146 695 1198 disposita
730 1150 841 1194 sunt,
886 1158 977 1185 nam
1006 1144 1101 1184 illud
1131 1139 1360 1196 ὑπόπτερος
1389 1143 1492 1183 inter
1521 1139 1664 1193 πικρός
1689 1147 1727 1181 et
1755 1140 1884 1179 πολυ-

155 1209 352 1269 δαίδαλος
371 1227 414 1253 τε
436 1210 564 1267 μύθῳ
588 1226 670 1253 non
695 1226 812 1252 suum
837 1213 970 1252 locum
998 1199 1129 1260 habet,
1156 1224 1246 1251 cum
1270 1212 1310 1250 in
1332 1210 1511 1264 sequenti
1536 1210 1695 1250 demum
1716 1208 1881 1261 stropha

155 1282 205 1322 ad
235 1287 433 1322 externam
463 1282 631 1330 formam
652 1280 875 1321 accuratius
902 1279 1201 1319 describendam
1233 1284 1409 1318 transeat
1441 1283 1578 1331 poeta3
1607 1277 1759 1317 facilius
1789 1274 1887 1315 ferri*

154 1354 309 1402 potest,
344 1348 379 1389 si
401 1348 621 1389 mutatione
640 1348 756 1400 plane
780 1347 886 1387 nulla
911 1348 1011 1387 facta
1043 1359 1116 1399 pro
1142 1342 1288 1399 πικρός
1309 1341 1453 1396 μικρός
1483 1345 1663 1397 legimus.
1707 1344 1880 1383 Enarra-

155 1415 211 1456 tio
235 1420 341 1456 recte
363 1416 563 1469 procedit3
589 1415 737 1455 sensim
763 1428 901 1455 omnes
926 1415 1082 1455 Amoris
1104 1421 1207 1455 artes
1224 1414 1481 1453 declarantur
1501 1413 1552 1452 ita
1572 1412 1744 1465 quidem,
1769 1415 1815 1451 ut
1833 1411 1882 1451 ad

154 1484 306 1536 majora
330 1475 489 1539 semper
509 1485 695 1525 evehatur
715 1482 824 1532 deus,
850 1483 974 1535 magis
994 1483 1182 1523 excitetur
1194 1487 1334 1534 poetae
1349 1482 1508 1534 cupido.
1549 1481 1749 1521 Personae
1772 1479 1883 1531 ipsae

68 1571 84 1582 ν
154 1550 361 1604 loquentes
376 1551 641 1601 inducuntur„
657 1551 747 1604 quia
764 1563 947 1590 enarrare
969 1564 1012 1590 se
1028 1563 1092 1590 res
1106 1549 1337 1602 praeteritas
1352 1549 1469 1602 plane
1485 1547 1729 1588 obliviscitur
1741 1551 1883 1599 poeta3

156 1631 193 1659 v.
218 1613 276 1658 78
298 1618 454 1659 sodales
479 1619 592 1671 quasi
611 1619 652 1658 in
672 1631 715 1658 re
739 1623 947 1671 praesente
972 1618 1226 1658 advocantur.
1263 1634 1268 1637 ·

267 1687 312 1727 Id
335 1698 461 1726 unum
486 1687 617 1726 statim
643 1685 846 1738 displicet,
878 1685 985 1738 quod
1006 1685 1047 1724 in
1071 1685 1201 1738 primo
1227 1684 1381 1725 cuculio
1403 1678 1560 1724 Amoris
1591 1683 1720 1722 crines
1742 1694 1882 1723 aureas

156 1753 346 1795 describit
366 1759 504 1805 poeta,
536 1766 762 1806 quanquam
795 1753 875 1793 huc
905 1753 1021 1805 plane
1042 1765 1124 1792 non
1148 1752 1367 1805 pertinent,
1399 1739 1523 1804 eaque
1558 1750 1702 1790 cuculii
1725 1750 1783 1790 vis
1810 1754 1882 1798 est,

155 1821 412 1862 ursententia
435 1821 630 1869 universa,
657 1833 757 1873 quae
778 1821 881 1860 inest
906 1820 947 1859 in
973 1821 1227 1860 antecedente
1252 1819 1437 1871 stropha,
1464 1819 1505 1858 in
1530 1831 1656 1858 unum
1681 1822 1884 1858 contracta

155 1889 390 1942 proferatur.
438 1888 489 1928 At
527 1888 648 1927 modo
690 1888 912 1928 accuratius
955 1899 1114 1928 carmen
1157 1887 1473 1935 consideremus,
1520 1892 1603 1926 arte
1648 1891 1687 1925 et
1718 1884 1884 1925 consilio

157 1956 332 2009 undique
355 1956 587 1996 ex-diversis
613 1955 858 1995 carminibus
877 1955 1064 2006 imaginis
1089 1944 1276 1995 venustae
1300 1960 1433 2007 partes
1470 1954 1656 1994 collectas
1681 1966 1781 2002 esse,
1814 1953 1883 1992 de-

156 2029 308 2064 sumtas
344 2024 498 2064 dicendi
527 2023 739 2071 formulas,
788 2022 1077 2074 simplicitatem
1114 2022 1231 2062 nimis
1268 2021 1487 2074 quaesitam
1529 2035 1618 2061 esse
1663 2020 1883 2074 apparebit.

161 2091 338 2132 Primum
362 2082 579 2142 Ποταμόζ
595 2084 845 2144 χρυσοδιίἠςι
876 2090 966 2141 igne
998 2102 1162 2142 pressus
1199 2089 1531 2142 conclamansque
1566 2102 1611 2129 ex
1635 2089 1809 2129 Homero
1841 2087 1885 2127 Il.

139 2151 258 2208 XXI,
281 2155 377 2199 130.
408 2156 493 2198 357
522 2158 728 2198 desumtus
754 2164 835 2207 est,
861 2158 902 2197 in
931 2171 967 2198 v,
991 2154 1068 2198 87:
1104 2153 1326 2210 φάρμακον
1350 2157 1392 2204 ἐξ
1410 2153 1573 2208 Ἑλένης
1592 2157 1815 2207 relegamur
1837 2155 1886 2194 ad

160 2226 234 2267 od.
265 2225 326 2275 IV,
351 2222 448 2275 220,
478 2225 639 2265 Achillis
664 2225 763 2265 socii
797 2238 832 2265 v.
864 2222 921 2265 94
949 2238 1024 2265 nos
1062 2225 1422 2265 commonefaciunt
1451 2224 1528 2264 loci
1554 2225 1598 2264 ΙΙ.
1619 2223 1752 2271 XVIII,
1787 2219 1885 2262 354.

156 2293 293 2342 XXIII,
313 2290 384 2333 60.
434 2293 513 2333 Sed
536 2293 577 2332 in
601 2293 734 2332 multis
768 2293 868 2332 locis
901 2298 938 2332 et
962 2288 1252 2333 Anacreontem
1278 2292 1609 2332 etAnacreontea
1635 2297 1776 2344 poetae
1811 2290 1886 2330 ob-

158 2366 309 2402 versata
333 2361 455 2401 fuisse
479 2365 653 2413 apparet,
679 2360 799 2400 modo
825 2372 1032 2411 compares
1058 2357 1182 2400 v.27:
1208 2357 1289 2399 ἆπὸ
1315 2356 1554 2411 δ’ὄμμάτων
1574 2354 1886 2409 βολάων-ἔπεμ-

159 2442 232 2469 πεν
256 2425 398 2481 αἴγλην
423 2441 514 2468 cum
538 2428 612 2468 An.
639 2423 695 2467 16
721 2422 830 2480 (ug'),
856 2424 900 2467 7:
927 2424 993 2466 ἀπ’
1020 2424 1222 2478 ὀμμάτων
1243 2416 1386 2479 βαλών
1407 2442 1471 2479 με,
1496 2440 1531 2467 v.
1559 2423 1629 2467 39.
1653 2423 1730 2475 403
1754 2421 1889 2465 παλά-

156 2510 240 2547 μην
266 2492 369 2548 ἄγαν
391 2498 588 2547 βραχεῖαν
612 2493 816 2545 ἐπεμειδιά
839 2492 1071 2547 κραδαίνων
1097 2507 1188 2535 cum
1217 2495 1292 2535 An.
1316 2491 1373 2534 45
1409 2490 1525 2548 (κζ),
1559 2507 1595 2534 v.
1621 2490 1670 2534 9:
1695 2491 1889 2547 στιβαρὸν

159 2559 260 2616 δόρυ
287 2561 531 2615 κραδαίνων,
557 2576 591 2602 v.
614 2559 688 2602 14:
714 2558 971 2613 ὖπεμειδίασε
997 2558 1170 2614 Κύπρις,
1195 2575 1232 2601 v.
1258 2558 1326 2602 55.
1351 2558 1428 2602 56:
1454 2558 1475 2601 ὅ
1502 2560 1546 2601 δὲ
1570 2565 1656 2609 τοῖς
1680 2557 1817 2615 ῥόδοις
1838 2575 1889 2611 με

157 2626 324 2681 βάλλων
355 2625 558 2682 ὗπέθελγέ
589 2644 675 2676 πως
708 2626 809 2681 πρὸς
838 2624 998 2681 οἶστρον
1035 2642 1125 2669 cum
1160 2629 1331 2680 genuino
1366 2629 1585 2681 fragmento
1609 2628 1696 2669 XV:
1732 2627 1888 2682 σφαίρῃ

160 2697 296 2755 δηῦτεγ
315 2712 365 2748 με
390 2696 598 2750 πορφυρέῃ
622 2692 1063 2747 βάλλων-συμπαίζειν
1098 2697 1383 2748 προκαλεῖται,
1408 2709 1443 2736 v.
1469 2693 1547 2736 76:
1571 2692 1698 2747 βάλεν
1722 2691 1890 2747 ἡπάτων

117 2802 127 2810 ,
159 2763 209 2804 τὰ
233 2766 354 2804 κοῖλα
379 2777 470 2804 cum
494 2764 568 2804 An.
594 2762 621 2804 3
646 2760 860 2815 (λα’),283
887 2762 959 2802 καί
976 2778 1027 2814 με
1050 2760 1190 2803 ‘ciunt
1212 2762 1344 2819 μέσον.
1363 2756 1488 2816 ἧπαρ.
1539 2763 1765 2812 Quaesitam
1790 2763 1888 2803 sim-

159 2832 372 2885 plicitatem
398 2831 493 2871 satis
518 2836 713 2872 testantur
735 2831 906 2883 plurima
927 2831 1114 2884 asyndeta
1138 2845 1173 2871 v.
1201 2829 1241 2871 3.
1268 2828 1309 2871 6.
1330 2828 1370 2871 7.
1395 2827 1435 2871 8.
1463 2828 1529 2871 19.
1550 2828 1619 2871 25.
1645 2827 1713 2871 29.
1739 2827 1807 2870 35.
1818 2827 1887 2870 39.

159 2896 230 2939 43.
253 2896 323 2939 44.
349 2895 417 2939 53.
444 2896 512 2939 54.
533 2895 602 2940 62.
630 2895 698 2939 67.
719 2895 786 2938 79.
811 2894 880 2939 82.
905 2895 974 2938 93.
1001 2895 1071 2938 99.
1115 2899 1251 2951 Neque
1275 2898 1429 2938 ionicae
1454 2897 1609 2937 dialecti
1645 2909 1726 2936 non
1753 2910 1888 2937 curam

162 2964 332 3005 habebat
369 2965 562 3018 scriptor,
616 2977 840 3018 quanquam
876 2971 914 3005 et
954 2966 1093 3006 atticae
1128 2965 1242 3017 plane
1277 2966 1426 3006 formae
1463 2969 1507 3004 ut
1540 2978 1574 3004 v,
1611 2961 1660 3004 6:
1697 2960 1809 3014 ἐβόα.
1841 2960 1887 3004 8:
