1910 3268
959 175 1012 219 12

117 304 313 357 tiendique
332 305 476 345 rationi
498 304 786 357 respondeant,
818 302 1040 343 videndum.
1082 302 1199 356 Atqui
1220 307 1262 342 ut
1284 302 1331 341 de
1353 301 1492 342 amatis
1515 301 1588 341 illis
1602 334 1611 351 ,
1634 314 1735 356 quos
1755 315 1848 343 ureu

114 372 181 412 bat
199 372 407 413 Anacreon
421 405 430 422 ,
463 373 625 425 loquar,
648 376 686 410 et
717 370 850 422 pueris
872 375 910 410 et
929 370 1068 423 puellis
1091 370 1199 411 illum
1220 370 1439 424 placuissse
1462 375 1618 412 constat
1637 371 1686 412 cf.
1707 371 1781 424 Ep.
1803 370 1847 411 A.

115 440 225 481 Plan.
257 440 305 479 lv
334 454 374 493 p.
395 437 492 481 720.
526 452 565 479 n.
589 435 694 479 309:
726 435 814 478 ἴσον
848 434 1009 492 zoi-9019
1042 461 1098 467 ——-
1132 434 1286 478 ἁδόντα
1311 461 1367 467 -
1399 435 1488 479 ἴσον
1523 434 1677 479 ἁδόντα
1710 434 1852 492 κόραις

117 508 286 548 Theocr.
308 507 352 547 A.
375 507 456 547 Pal.
479 507 550 555 IX,
582 519 621 558 p.
644 503 742 547 213.
774 519 814 547 ιι.
843 502 948 546 599;
988 506 1182 560 προςθεὶς
1216 504 1260 546 δὲ
1290 503 1393 558 χῶτι
1424 510 1510 554 τοῖς
1545 502 1692 546 νέοισιν
1726 501 1851 546 ἅδετι.

113 562 222 616 Inter
240 587 388 628 pueros
413 579 543 614 autem
573 579 653 613 tres
674 574 927 626 potissimum
948 586 1083 614 amore
1115 574 1315 627 amplexus
1337 579 1398 614 est
1434 586 1581 627 eosque
1611 573 1851 614 carminibus

115 641 326 683 celebravit
344 640 567 693 Bathyllum
582 640 784 692 Megisten,
807 641 1013 681 Smerdian
1030 641 1225 682 Thracem
1246 642 1294 682 cf.
1312 642 1464 682 Simon.
1476 641 1521 682 A.
1538 642 1583 683 Ρ.
1602 641 1742 694 V11,>p.
1755 637 1852 682 313.

114 723 152 750 n.
177 706 246 750 25.
271 709 328 748 Id.
366 722 407 761 p.
443 705 539 749 314.
587 708 758 761 Antipat.
792 709 872 750 Sid.
897 709 942 749 A.
968 710 1012 749 P.
1037 709 1125 758 VII,
1151 722 1190 762 p.
1216 706 1312 749 314.
1339 722 1379 749 n.
1405 706 1474 750 27.
1510 722 1549 762 p.
1585 705 1681 750 315.
1716 721 1757 750 n.
1782 705 1852 751 29.

116 791 154 817 ιι.
183 773 251 817 30.
280 776 462 816 Dioscor.
487 775 532 816 A.
559 776 603 816 P.
630 776 707 825 VII,
734 790 773 829 p.
799 773 895 817 316.
922 790 962 817 ιι.
978 774 1047 817 31.
1090 777 1214 818 Leon.
1233 778 1392 817 Tarent.
1414 777 1459 817 A.
1479 777 1590 817 Plan.
1606 777 1666 826 IV,
1691 790 1732 829 p.
1754 772 1852 816 719.

115 857 154 884 ιι.
182 840 279 884 306.
306 856 346 883 n.
382 840 479 883 307.
505 843 602 883 Max.
630 844 722 896 Tyr.
747 844 849 893 VIII,
875 858 915 896 p.
940 840 996 884 96
1022 845 1082 885 ed.
1108 844 1204 884 min.
1263 844 1470 885 Smerdian
1495 844 1706 897 alloquitur
1735 848 1854 896 poeta

116 912 162 952 fr.
186 908 215 951 6
239 923 408 963 eumque
451 910 535 950 sine
567 911 687 951 dubio
722 911 919 963 intelligit,
946 924 1037 952 cum
1063 913 1108 952 fr.
1134 910 1191 952 47
1215 912 1262 952 de
1282 912 1425 965 juvene
1460 911 1672 952 Thraciam
1697 922 1852 951 comam

116 984 299 1019 movente
326 979 442 1019 dicat.
468 978 683 1030 Megisthae
714 979 955 1020 mentionem
986 980 1078 1019 facit
1101 980 1147 1020 fr.
1190 976 1265 1028 39,
1301 979 1367 1032 qui
1382 980 1465 1032 jam
1490 979 1626 1019 decem
1648 977 1854 1019 mensibus

118 1046 256 1086 viticea
282 1059 430 1086 corona
455 1046 609 1086 vinctus
624 1046 758 1086 vinum
776 1046 898 1087 bibat.
947 1047 1111 1099 Bathylli
1137 1047 1295 1099 quidem
1319 1047 1526 1098 vestigium
1552 1059 1632 1086 non
1658 1045 1854 1086 invenitur

119 1114 160 1154 in
185 1114 435 1165 fragmentis,
462 1113 532 1153 sed
558 1113 727 1154 duorum
754 1114 944 1163 aliorum,
978 1127 1078 1167 quos
1104 1126 1261 1154 summo
1287 1127 1422 1155 amore
1446 1113 1699 1167 persequitur
1721 1119 1850 1166 poeta,

121 1180 298 1221 Cleobuli
323 1186 362 1220 et
384 1181 656 1234 Leucaspidos
683 1183 731 1222 cs.
770 1182 816 1222 fr.
853 1180 892 1222 3.
930 1179 969 1222 5.
1019 1182 1126 1221 Inter
1148 1181 1298 1234 puellas
1325 1187 1455 1221 autem
1479 1181 1675 1234 Eurypyle
1697 1180 1851 1233 saepis-

120 1250 219 1289 sime
255 1254 608 1298 commemoratur,
647 1262 746 1302 quae
799 1249 989 1302 placuerit
1012 1255 1152 1302 poetae
1187 1250 1236 1290 cf.
1270 1248 1402 1301 Antip.
1439 1249 1575 1289 Sidon.
1609 1249 1655 1290 A.
1691 1248 1735 1288 P.
1770 1248 1849 1297 VII,

120 1330 161 1369 p.
198 1313 294 1356 314.
330 1329 369 1356 ιι.
403 1313 472 1356 27.
521 1317 701 1358 Dioscor.
738 1317 782 1357 A.
815 1317 858 1357 P.
901 1317 988 1366 VII,
1015 1330 1053 1369 p.
1080 1314 1179 1357 316:
1204 1340 1260 1345 —
1293 1312 1400 1370 ἁβρὰ
1419 1312 1620 1370 χορεύσῃς
1640 1313 1853 1369 βεβληκώς

116 1381 294 1437 χρυσέην
312 1388 453 1436 χεῖρας
478 1381 534 1424 ἐπ’
563 1379 831 1437 Εὐρυπύλην,
869 1397 968 1436 quae
992 1385 1134 1437 partim
1159 1384 1417 1424 Anacreontis
1452 1384 1576 1437 ipsius
1611 1383 1728 1425 verba
1762 1397 1850 1425 esse

121 1452 339 1492 statuerim.
387 1451 623 1504 Eurypylem
650 1452 756 1504 quod
781 1451 857 1504 ipsi
883 1452 1072 1504 eripuerit
1094 1452 1304 1501 Artemon,
1342 1452 1596 1492 acerbissime
1619 1452 1660 1492 in
1685 1464 1775 1492 eum
1799 1453 1846 1493 fr.

122 1517 176 1560 19
200 1519 407 1559 invehitur.
444 1518 581 1558 Utrum
594 1519 737 1559 Lesbia
762 1519 878 1559 fuerit
902 1520 949 1559 cf.
964 1520 1010 1559 fr.
1027 1516 1081 1559 19
1099 1520 1294 1573 Eurypyle
1310 1533 1360 1560 an
1386 1520 1554 1560 Thracia
1573 1520 1622 1561 cf.
1638 1520 1686 1560 fr.
1707 1517 1746 1570 7,
1765 1533 1848 1562 non

120 1587 378 1640 dijudicarim.
426 1586 598 1626 Affertur
622 1586 738 1627 etiam
764 1599 923 1627 carmen
956 1586 997 1626 in
1022 1587 1262 1637 Callicriten,
1299 1587 1451 1640 Cyanae
1474 1587 1612 1637 filiam,
1638 1601 1660 1628 a
1685 1588 1849 1629 Platone

123 1656 270 1707 Theag.
297 1669 337 1708 p.
366 1651 460 1696 125.
488 1655 534 1694 D.
584 1654 659 1694 Sed
684 1654 782 1694 haec
808 1655 940 1695 omnia
966 1661 1060 1695 sunt
1084 1660 1253 1704 externa,
1279 1655 1319 1695 in
1344 1655 1488 1708 quibus
1512 1660 1653 1708 poetae
1675 1668 1847 1708 persona

121 1723 253 1763 minus
278 1728 462 1774 apparet,
489 1735 714 1774 quanquam
741 1728 778 1762 et
803 1722 843 1761 in
870 1722 931 1762 his
958 1723 1054 1775 ipsis
1078 1723 1348 1763 Anacreontea
1373 1735 1614 1775 magnopere
1647 1723 1802 1764 differre
1825 1736 1847 1764 a

122 1789 302 1842 genuinis
329 1790 555 1841 fragmentis
591 1789 824 1830 videbimus.
877 1791 1144 1830 Transeamus
1179 1790 1229 1830 ad
1253 1790 1356 1830 varia
1381 1791 1479 1839 fata,
1515 1803 1616 1843 quae
1648 1792 1690 1832 in
1714 1802 1849 1832 amore

122 1858 210 1910 ipso
235 1870 449 1910 perpessus
474 1858 525 1897 sit
548 1862 664 1910 pocta
679 1890 688 1906 ‚
722 1856 762 1897 in
789 1858 1030 1898 carminibus
1055 1857 1336 1909 investiganda.
1385 1857 1524 1897 Statim
1549 1857 1665 1898 nobis
1691 1857 1851 1898 obvenit

122 1926 234 1965 locus
260 1925 365 1977 apud
382 1925 506 1965 Leon.
523 1925 682 1966 Tarent.
708 1925 753 1966 A.
771 1926 880 1979 Plan.
896 1926 955 1975 IV,
978 1939 1019 1979 p.
1036 1921 1132 1965 719.
1152 1938 1192 1965 n.
1212 1921 1296 1965 306
1317 1923 1459 1976 μέληει
1475 1922 1521 1979 ἦε
1536 1921 1761 1967 Βάθυλλον
1773 1930 1847 1967 etc.

237 1992 399 2046 αἰωρῶν
423 1988 593 2049 παλάμᾳ
622 1989 697 2033 τὰν
722 1991 993 2046 ὃυςέρωτα
1017 1991 1154 2045 χέλυν.

122 2057 349 2114 Ατσέρωτα
386 2060 506 2111 igitur
544 2066 658 2100 vocat
692 2060 889 2101 Leonidas
929 2061 1074 2113 lyram,
1110 2061 1150 2101 in
1184 2061 1409 2102 universum
1443 2061 1583 2114 poesin
1621 2060 1850 2102 Anacreon-

125 2129 195 2178 tis,
222 2128 308 2168 sine
329 2127 448 2167 dubio
471 2127 558 2167 ideo
580 2129 686 2181 quod
707 2141 825 2181 saepe
844 2141 890 2169 ex
909 2141 1044 2168 amore
1063 2141 1279 2181 puerorum
1300 2134 1369 2169 aut
1387 2129 1605 2182 puellarum
1625 2129 1765 2170 excidit
1785 2135 1853 2169 aut

125 2209 216 2236 eum
237 2195 399 2236 omnino
425 2208 656 2248 comparare
676 2195 751 2236 sibi
772 2209 853 2236 non
874 2201 1040 2248 poterat.
1100 2196 1188 2236 Jam
1209 2197 1464 2236 fluctuantem
1484 2196 1743 2237 Anacreontis
1765 2195 1851 2237 a'ni·

126 2275 235 2303 mum
255 2275 408 2312 amore,
438 2276 521 2316 spe,
547 2264 709 2313 invidia,
740 2264 875 2303 dolore
897 2264 1126 2304 distractum
1148 2263 1264 2303 nobis
1294 2265 1510 2316 fingamus3
1541 2265 1709 2304 eundem
1734 2276 1853 2317 quam

126 2330 292 2370 maxime
313 2330 352 2369 in
374 2330 599 2381 fragmentis
622 2344 850 2383 expressum
871 2332 1126 2384 reperiemus.
1174 2331 1325 2370 Pueros
1345 2331 1476 2384 ipsum
1497 2336 1660 2384 propter
1680 2331 1853 2371 carmina

125 2410 258 2438 amare
278 2397 420 2438 debere
441 2398 633 2438 existimat
652 2399 697 2438 fr.
719 2396 794 2448 423
811 2400 893 2452 jam
914 2412 1082 2451 puerum
1100 2399 1279 2439 moribus
1301 2399 1522 2447 amabilem,
1539 2411 1712 2451 quocum
1730 2398 1852 2447 ludat,

125 2470 260 2517 optat3
291 2464 359 2504 sed
390 2464 504 2504 altius
526 2466 651 2506 evolat
680 2466 847 2506 animus.
908 2460 1135 2506 Percuti¹ab
1162 2466 1307 2506 Amore
1334 2466 1409 2506 sibi
1438 2466 1592 2506 videtur
1620 2465 1855 2518 hiemalique

126 2533 244 2572 lavari
272 2531 404 2572 ssuvio.
466 2532 522 2572 Ita
549 2538 675 2573 totum
704 2533 908 2573 invertitur
934 2539 1074 2586 poetae
1100 2534 1299 2585 ingenium
1321 2546 1468 2574 amore.
1530 2533 1634 2573 Tum
1663 2534 1792 2572 furere
1812 2545 1857 2572 se

127 2599 304 2639 Cleobuli
342 2612 477 2640 amore
513 2606 739 2653 correptum
770 2601 815 2641 fr.
843 2598 870 2640 3
899 2602 1124 2654 profitetur,
1166 2601 1261 2653 quin
1298 2602 1491 2641 furentem
1521 2613 1564 2641 se
1594 2601 1642 2640 de
1673 2599 1856 2640 Leucade

128 2679 226 2719 rupe
247 2667 516 2720 projecturum
538 2668 583 2708 fr.
607 2666 674 2709 17.
720 2668 853 2708 Puella
875 2681 965 2708 cum
985 2669 1110 2708 amori
1131 2681 1212 2708 non
1234 2669 1473 2721 respondeat
1492 2668 1702 2721 ipsumque
1721 2667 1855 2719 fugiat,

129 2739 333 2785 comparat
352 2734 398 2774 sr.
418 2731 475 2774 49
504 2748 593 2775 cum
620 2735 807 2775 hinnuleo
835 2736 1002 2776 lactante
1030 2749 1051 2776 a
1077 2741 1201 2776 matre
1229 2736 1444 2788 disjuncto,
1476 2735 1522 2774 fr.
1543 2731 1599 2775 79
1630 2747 1719 2775 cum
1747 2734 1855 2786 pullo

129 2800 272 2852 equino
304 2801 412 2840 frena
441 2808 664 2854 respuente.
733 2803 810 2843 Sed
839 2803 996 2855 repulsa
1026 2803 1101 2843 lata
1130 2803 1284 2843 animus
1305 2803 1428 2854 magis
1450 2807 1648 2843 movetur:
1681 2801 1858 2855 queritur

131 2868 175 2907 l'r.
205 2864 271 2907 15.
292 2865 344 2908 81
375 2870 491 2921 quod.
500 2870 628 2922 puella
654 2871 739 2910 seni
764 2875 904 2922 poetae
930 2883 1010 2910 non
1032 2871 1114 2923 jam
1145 2870 1293 2918 audiat,
1333 2870 1448 2923 plane
1479 2883 1521 2909 se
1548 2869 1704 2909 abdicat
1732 2868 1781 2908 ab
1811 2881 1855 2908 ea

130 2936 176 2974 fr.
198 2932 265 2983 71,
287 2936 487 2988 praedicat
513 2942 690 2990 tempora
711 2938 773 2978 illa
801 2939 846 2977 i'r.
868 2934 934 2986 30,
966 2938 1033 2978 ubi
1062 2936 1243 2977 homines
1270 2936 1437 2990 pecunia
1463 2937 1512 2976 ad
1539 2935 1856 2989 pensuadendum

132 3015 212 3041 non
240 3003 462 3043 utebantur.
521 3004 579 3044 Ad
601 3005 809 3059 Olympum
833 3007 959 3047 evolat
985 3005 1158 3053 animus,
1193 3017 1327 3046 amore
1356 3004 1562 3057 perculsus
1593 3004 1637 3043 sr.
1662 2999 1735 3051 21,
1767 3002 1857 3055 quia
