1910 3268
930 206 987 250 67

905 342 1009 396 §1
1743 319 1806 370 θ

382 441 535 476 Cannina
560 443 593 475 in
619 443 739 486 quibus
768 447 882 477 certae
910 445 1075 486 quaedam
1110 445 1271 486 imagines
1298 445 1544 479 deseribuntur.

22 541 67 586 ,μ’
76 583 87 592 ⁴
177 488 259 573 :ln
283 531 422 586 odario
427 533 617 585 septime
641 523 795 573 decimo
823 529 911 588 (y',)
929 534 1037 587 quod
1059 534 1256 575 invenitur
1280 540 1319 575 et
1336 536 1441 587 apud
1453 536 1698 588 Stephanum
1731 543 1770 578 et
1792 538 1832 577 iu

95 598 241 642 tudine
258 585 446 640 Palatino
463 605 503 640 et
525 599 565 640 in
589 600 823 652 Anthologia
849 601 997 641 Graeca
1022 602 1076 666 XI
1097 614 1138 654 p.
1163 599 1221 642 48
1244 607 1283 642 ct
1316 603 1418 653 apud
1455 603 1622 644 Gellium
1655 605 1764 652 XIX,
1789 602 1829 657 9

21 659 63 714 ζ’.
96 659 366 720 Bqltaestum
396 666 511 719 jubet
540 672 658 719 poeta
692 679 775 707 non
811 680 920 708 arma
955 668 1033 720 ipsi
1066 681 1228 720 parare,
1263 669 1333 708 sed
1366 669 1566 723 poculum
1588 644 1830 723 prosunduni

65 728 74 734 ’
96 740 292 777 mire·
309 733 508 774 caelandis
524 746 608 773 non
631 734 748 774 astris
772 734 942 786 quidem,
967 735 1039 774 sed
1063 736 1282 786 effingenda
1306 736 1512 785 vindemia,
1543 737 1584 776 in
1609 751 1686 790 qua
1708 738 1832 778 Amor

23 799 178 855 Ϊππι
195 811 292 843 cum
314 800 492 853 Bathyllo
523 813 703 841 racemos
735 801 777 840 in
808 802 1004 842 torculare
1038 802 1195 842 calcans
1225 808 1486 854 proponatur.
1535 804 1699 845 Summa
1723 804 1828 844 inest

23 858 352 913 nearmme
389 867 639 919 simplicitas,
695 873 812 920 atque
850 873 1055 917 venustaS,
1101 881 1201 920 quae
1232 874 1415 920 augetur,
1460 871 1581 909 modo
1624 871 1826 911 Homerici

27 933 175 988 *affl
193 933 512 983 meminerimus,
537 947 656 987 quem
680 935 766 974 sine
790 935 912 974 dubio
936 940 1054 987 poeta
1078 935 1261 987 respexit.
1316 936 1428 976 Sicut
1451 937 1556 977 enim
1579 938 1828 990 Hephaestus

23 992 88 1055 ’ζ’-χ,-
95 1000 261 1047 Me
282 1000 456 1055 jubente
488 1001 629 1041 Achilli
663 1001 898 1042 πανοπλίαν
934 1001 1149 1042 fabricatur
1189 1002 1234 1042 11.
1269 1003 1406 1052 XVIII,
1444 1003 1502 1043 sic
1532 1017 1639 1044 nunc
1674 1010 1825 1046 cratera

37 1061 56 1083 ³
85 1065 276 1111 'fibrinari
292 1067 456 1121 jubetur
478 1081 500 1108 a
530 1074 671 1120 poeta3
705 1082 805 1122 quae
830 1069 935 1121 apud
957 1069 1176 1109 Homerum
1201 1071 1388 1110 caelando
1426 1072 1627 1112 effinxerat
1656 1085 1693 1112 V.
1718 1069 1825 1112 486.

12 1127 59 1192 ’ᾖ
90 1130 394 1188 infititias-3³
406 1131 546 1181 Υάδας
565 1132 709 1176 τετότε
721 1135 822 1176 σθὲι
825 1151 869 1182 ος
890 1134 1036 1188 poton
1039 1152 1083 1184 ος
1099 1134 1274 1189 Ἄρκτον
1297 1138 1826 1190 tf‚eapotand1amant.1ss¹-

31 1193 182 1262 ‘fimus
204 1208 322 1256 poeta
345 1203 538 1255 repudiat,
564 1209 702 1243 contra
727 1204 834 1256 quod
858 1203 1047 1243 describit
1066 1204 1265 1244 Homerus
1289 1205 1463 1247 vinetum
1487 1205 1529 1244 in
1553 1211 1670 1245 scuto
1696 1206 1823 1246 caela-

12 1266 181 1323 ·-’“·’.,.λπ1η.
200 1280 237 1310 ι
257 1265 346 1309 560
362 1292 422 1298 —-
441 1267 546 1318 573,
591 1270 631 1309 id
654 1276 795 1322 poetae
820 1271 944 1310 odarii
977 1271 1243 1321 gratissimum
1270 1277 1342 1311 est.
1393 1273 1550 1324 Optime
1574 1278 1705 1313 autem
1730 1273 1824 1325 quid

24 1336 53 1366 2‘
86 1337 230 1392 qn'oo„
251 1365 254 1368 ι
273 1336 367 1390 quid
399 1336 520 1389 lyrico
555 1342 697 1389 poetae
731 1337 926 1389 agendum
951 1344 1067 1386 esset,
1102 1338 1301 1390 perspexit
1322 1339 1553 1380 Anacreon:
1598 1352 1689 1379 cum
1714 1339 1819 1380 enim

22 1401 288 1447 Romen-us
313 1403 355 1444 in
378 1403 639 1444 describendo
665 1410 798 1453 scuto,
823 1404 864 1443 in
886 1404 1156 1445 describendis
1182 1405 1346 1455 singulis
1371 1405 1491 1445 rebus
1509 1411 1554 1445 ut
1570 1406 1699 1445 vineto
1725 1419 1816 1446 cum

68 1461 247 1519 ,ma
269 1470 468 1522 diligentia
486 1477 675 1519 versetur,
700 1477 744 1511 ut
767 1477 883 1524 poeta
908 1471 1104 1511 interdum
1131 1485 1244 1511 suam
1269 1477 1392 1512 artem
1416 1473 1582 1524 pictoris
1606 1473 1681 1512 arti
1704 1480 1818 1525 post-

22 1526 92 1585 [¹3⁵
82 1538 274 1592 puniisse
311 1537 512 1587 videatur,
555 1551 683 1590 pauca
737 1539 939 1578 sufficiunt
981 1539 1216 1578 lineamenta
1267 1538 1308 1577 in
1353 1538 1489 1579 odario
1540 1540 1589 1580 ad
1633 1540 1821 1592 poculum

21 1595 58 1650 ,’,
76 1604 406 1653 'desen-ibendum,
435 1605 506 1644 sed
529 1617 594 1654 ea,
620 1605 763 1657 quihus
794 1618 991 1645 summam
1026 1606 1157 1645 inesse
1186 1605 1309 1644 voluit
1340 1606 1439 1654 vim,
1483 1606 1562 1646 vini
1596 1608 1822 1660 amorisque

80 1669 435 1725 significationem.
489 1673 620 1720 Quare
647 1673 757 1712 Gellii
780 1672 911 1720 lectio,
951 1685 1069 1724 quam
1094 1671 1243 1723 recepit
1266 1672 1555 1722 Meblhornius,
1591 1674 1719 1714 codici
1743 1675 1821 1715 Pa—

31 1767 66 1798 ³2·
82 1738 210 1788 latino
234 1739 493 1791 praeferenda
511 1736 684 1787 videtur,
716 1739 784 1792 qui
806 1751 944 1779 versus
969 1740 1163 1791 quosdam
1188 1738 1337 1779 addidit
1358 1752 1442 1779 non
1466 1742 1726 1782 necessarios.
1775 1743 1818 1781 ln

44 1794 48 1799 ’
83 1817 135 1847 oo
158 1817 318 1859 quoque
342 1806 528 1846 carminis
553 1806 764 1859 antiquitas
788 1811 972 1858 apparet,
1018 1807 1125 1858 quod
1149 1819 1231 1845 non
1265 1807 1400 1846 artifex
1423 1807 1596 1859 quilibet,
1623 1809 1692 1847 sed
1717 1809 1815 1848 deus

28 1863 63 1921 ’ᾗ
83 1872 334 1929 ΕΨΙιειοοῐηε
368 1873 561 1914 fabricare
588 1873 771 1927 jubetur,
818 1883 908 1912 cum
952 1878 1035 1912 arte
1068 1873 1242 1913 humana
1279 1873 1368 1913 talia
1410 1874 1541 1925 effingi
1572 1888 1653 1914 non
1691 1889 1812 1928 posse

85 1938 323 1981 Qum
367 1940 418 1980 At
439 1952 574 1980 nonne
610 1940 721 1979 Gellii
745 1940 973 1979 testimonio
1000 1939 1158 1979 obstent
1188 1953 1252 1980 res
1277 1941 1468 1992 quaedam
1490 1941 1685 1991 internae,
1711 1956 1813 1994 quo-

77 2002 215 2048 ιη’ἰηηῦ
238 2007 288 2048 ad
311 2006 597 2049 Anacreontem
622 2007 837 2047 referamus
863 2019 1035 2055 carmen,
1059 2002 1273 2047 videamus.
1302 2008 1436 2046 Primo
1458 2008 1648 2059 adspectu
1684 2011 1810 2049 offen-

35 2073 185 2131 (lunt
206 2073 291 2115 illa:
334 2070 532 2126 πορεύσας
566 2074 758 2125 nulnum,-
798 2074 892 2126 quid
926 2073 1059 2113 enim?
1099 2086 1194 2113 num
1228 2080 1432 2125 argentum
1462 2075 1655 2124 caelatur,
1701 2076 1813 2128 prius

84 2143 204 2194 qnam
235 2140 330 2194 quid
359 2141 450 2180 inde
483 2141 722 2189 efficiamus,
766 2139 972 2180 sciamus?
1019 2140 1236 2179 Crediderit
1265 2141 1558 2189 Mehlbornius‚
1603 2154 1675 2193 ego
1710 2155 1815 2182 nun—

73 2204 228 2263 ι’]ιιιιιης
266 2207 401 2260 potius
426 2209 504 2248 duo
527 2207 646 2247 verba
671 2207 890 2248 arctissime
922 2207 1195 2260 conjungenda
1221 2212 1313 2246 sunt
1337 2219 1465 2259 neque
1489 2209 1687 2259 praeteriti
1711 2209 1815 2249 actio

40 2265 126 2330 ’Ῐῗὲίιι
149 2274 299 2314 aon-isto
322 2275 537 2327 premenda
562 2271 642 2323 est3
684 2278 768 2314 tum
791 2274 924 2314 omnia
946 2274 1049 2313 bene
1073 2274 1278 2326 quadrant.
1328 2274 1445 2322 Quod
1478 2274 1643 2314 alterum
1677 2275 1812 2327 suspi-

2 2333 236 2398 &ionem
259 2347 420 2380 movere
442 2346 595 2393 potest,
639 2341 868 2380 πανοπλίαν
902 2346 970 2381 aut
993 2340 1159 2380 consilio
1192 2345 1333 2392 poetae
1354 2341 1528 2392 positum
1554 2348 1614 2381 est
1638 2342 1741 2381 sicut
1765 2343 1811 2382 sr.

40 2403 235 2459 XXVIII
254 2405 430 2460 αἰχμάν,
466 2408 512 2448 l‘r.
537 2407 709 2448 LXXIV:
754 2404 986 2459 μεναιχμάν
1019 2414 1087 2448 aut
1119 2407 1370 2446 librariorum
1404 2408 1610 2447 socordiae
1647 2407 1812 2448 debetur

45 2463 173 2525 eum
195 2474 491 2527 antiquissimae
506 2474 618 2514 Gellii
642 2475 834 2514 editiones
858 2474 1074 2527 praebeant
1097 2474 1336 2521 παι·οπλιάς.·

122 2530 127 2534 ’
197 2541 288 2589 Quo
307 2541 398 2594 jure
421 2541 634 2593 septimum
659 2541 854 2581 decimum
890 2553 1049 2581 carmen
1073 2541 1310 2581 Anacreonti
1346 2540 1640 2590 adscribamus,
1682 2542 1808 2592 magis

45 2596 196 2649 Jutiam
220 2607 413 2656 elucebit,
459 2608 580 2657 modo
615 2608 722 2659 quod
752 2608 884 2647 statim
919 2608 1098 2659 sequitur
1132 2620 1290 2646 carmen
1316 2607 1384 2659 (M.
1413 2604 1468 2660 (Υ)
1496 2609 1805 2647 consideremus.

45 2668 204 2730 ζᾝοίιίε
229 2674 630 2727 quoque-secundum
655 2687 713 2723 ea,
745 2687 846 2727 quae
878 2687 1000 2725 supra
1024 2674 1071 2713 de
1096 2673 1231 2713 metris
1255 2674 1510 2725 protulimus,
1536 2688 1626 2714 cum
1653 2676 1804 2727 Tanaq.

3 2763 5 2765 ·
46 2733 208 2790 ᾖῆΓύεο
233 2740 563 2782 consentiendum
588 2741 679 2789 erit,
722 2742 835 2793 cujus
865 2740 984 2780 verba
1014 2741 1112 2780 baec
1145 2746 1258 2780 sunt:
1307 2741 1401 2792 „qui
1433 2741 1706 2782 existimarunt
1727 2743 1804 2781 hoc

44 2799 260 2848 Sinden-ium
300 2820 390 2847 oese
422 2807 702 2856 Anacreontis,
738 2807 829 2848 alibi
864 2807 1039 2847 animum
1086 2812 1323 2859 occupatum
1355 2807 1573 2857 habebant,
1618 2809 1684 2860 qui
1724 2821 1803 2846 non

49 2871 255 2928 {videi-int,
288 2874 421 2915 omnia
451 2875 492 2914 in
517 2874 693 2915 numeris
724 2874 876 2923 soluta,
902 2875 1078 2925 neglecta
1113 2882 1227 2913 esse:
1232 2874 1402 2934 ‘Atque
1428 2875 1686 2914 imitationem
1717 2887 1759 2912 es
1761 2886 1805 2912 se

53 2931 344 2997 siatocedentis
377 2941 563 2982 carminis
598 2953 736 2980 omnes
762 2953 844 2981 uno
875 2953 1074 2980 consensu
1108 2941 1278 2980 editores
1304 2940 1617 2986 declaraverunt3
1642 2946 1802 2980 senten-

59 3006 164 3055 fae
170 3007 278 3048 enim
302 3009 440 3049 eodem
466 3008 582 3060 plane
608 3008 745 3047 ordine
770 3007 977 3047 observato
1000 3008 1239 3059 procedunt,
1267 3007 1381 3047 verba
1407 3008 1492 3060 ipsa
1519 3021 1637 3060 saepe
1661 3007 1796 3047 eadem
