<?xml version="1.0" encoding="UTF-8"?>
<!DOCTYPE html PUBLIC "-//W3C//DTD XHTML 1.0 Transitional//EN"
    "http://www.w3.org/TR/xhtml1/DTD/xhtml1-transitional.dtd">
<html xmlns="http://www.w3.org/1999/xhtml" xml:lang="en" lang="en">
 <head>
  <title>
</title>
<meta http-equiv="Content-Type" content="text/html;charset=utf-8" />
  <meta name='ocr-system' content='tesseract 3.04.00' />
  <meta name='ocr-capabilities' content='ocr_page ocr_carea ocr_par ocr_line ocrx_word'/>
</head>
<body>
  <div class='ocr_page' id='page_1' title='image "./quaestionumanacr00staruoft_0055.png"; bbox 0 0 1910 3268; ppageno 0'>
   <div class='ocr_carea' id='block_1_1' title="bbox 0 712 26 1203">
    <p class='ocr_par' dir='ltr' id='par_1_1' title="bbox 0 712 26 1203">
     <span class='ocr_line' id='line_1_1' title="bbox 0 712 26 1203; textangle 90"><span class='ocrx_word' id='word_1_1' title='bbox 14 1199 16 1203; x_wconf 48' lang='lat'><em>*</em></span> <span class='ocrx_word' id='word_1_2' title='bbox 7 1174 10 1178; x_wconf 83' lang='lat'>&#39;</span> <span class='ocrx_word' id='word_1_3' title='bbox 0 861 26 1150; x_wconf 32' lang='lat' dir='ltr'>‘WWUUV&#39;QFWW&#39;</span> <span class='ocrx_word' id='word_1_4' title='bbox 0 822 14 848; x_wconf 44' lang='grc' dir='ltr'>Γπ</span> <span class='ocrx_word' id='word_1_5' title='bbox 0 775 10 806; x_wconf 56' lang='lat' dir='ltr'>*v*</span> <span class='ocrx_word' id='word_1_6' title='bbox 0 753 12 763; x_wconf 69' lang='lat'>.-</span> <span class='ocrx_word' id='word_1_7' title='bbox 0 712 10 741; x_wconf 53' lang='lat' dir='ltr'>vm</span> 
     </span>
    </p>
   </div>
   <div class='ocr_carea' id='block_1_2' title="bbox 0 1779 40 2932">
    <p class='ocr_par' dir='ltr' id='par_1_2' title="bbox 0 1682 40 2932">
     <span class='ocr_line' id='line_1_2' title="bbox 0 1779 40 2932; textangle 90"><span class='ocrx_word' id='word_1_8' title='bbox 0 2423 40 2932; x_wconf 34' lang='lat' dir='ltr'>wwrwwszsffff</span> <span class='ocrx_word' id='word_1_9' title='bbox 0 2231 22 2414; x_wconf 54' lang='lat' dir='ltr'>ww</span> <span class='ocrx_word' id='word_1_10' title='bbox 0 1982 30 2221; x_wconf 43' lang='lat' dir='ltr'>*rewers-w</span> <span class='ocrx_word' id='word_1_11' title='bbox 0 1779 22 1974; x_wconf 48' lang='lat' dir='ltr'>‘ww‘</span> 
     </span>
    </p>
   </div>
   <div class='ocr_carea' id='block_1_3' title="bbox 932 142 988 186">
    <p class='ocr_par' dir='ltr' id='par_1_3' title="bbox 932 142 988 186">
     <span class='ocr_line' id='line_1_3' title="bbox 932 142 988 186; baseline 0 0"><span class='ocrx_word' id='word_1_12' title='bbox 932 142 988 186; x_wconf 80' lang='grc'>43</span> 
     </span>
    </p>
   </div>
   <div class='ocr_carea' id='block_1_4' title="bbox 33 267 1832 390">
    <p class='ocr_par' dir='ltr' id='par_1_4' title="bbox 33 267 1832 390">
     <span class='ocr_line' id='line_1_4' title="bbox 64 267 1831 327; baseline -0.005 -12"><span class='ocrx_word' id='word_1_13' title='bbox 64 323 67 327; x_wconf 28' lang='lat'><strong>¹</strong></span> <span class='ocrx_word' id='word_1_14' title='bbox 101 279 276 321; x_wconf 73' lang='lat' dir='ltr'>tannim,</span> <span class='ocrx_word' id='word_1_15' title='bbox 309 282 410 324; x_wconf 89' lang='lat' dir='ltr'>quae</span> <span class='ocrx_word' id='word_1_16' title='bbox 438 270 727 310; x_wconf 76' lang='lat' dir='ltr'>Anacreontion</span> <span class='ocrx_word' id='word_1_17' title='bbox 748 275 875 310; x_wconf 88' lang='lat' dir='ltr'>metro</span> <span class='ocrx_word' id='word_1_18' title='bbox 897 270 1123 322; x_wconf 90' lang='lat' dir='ltr'>conscripta</span> <span class='ocrx_word' id='word_1_19' title='bbox 1141 276 1237 311; x_wconf 86' lang='lat' dir='ltr'>sunt</span> <span class='ocrx_word' id='word_1_20' title='bbox 1255 269 1448 318; x_wconf 84' lang='lat' dir='ltr'>carmina,</span> <span class='ocrx_word' id='word_1_21' title='bbox 1477 267 1748 321; x_wconf 80' lang='lat' dir='ltr'>amplectitur,</span> <span class='ocrx_word' id='word_1_22' title='bbox 1769 267 1831 308; x_wconf 88' lang='lat' dir='ltr'>ni-</span> 
     </span>
     <span class='ocr_line' id='line_1_5' title="bbox 33 335 1832 390; baseline -0.003 -8"><span class='ocrx_word' id='word_1_23' title='bbox 33 358 47 372; x_wconf 89' lang='lat'><strong>·</strong></span> <span class='ocrx_word' id='word_1_24' title='bbox 101 339 316 383; x_wconf 64' lang='lat' dir='ltr'>nilominus</span> <span class='ocrx_word' id='word_1_25' title='bbox 344 338 379 378; x_wconf 91' lang='lat' dir='ltr'>si</span> <span class='ocrx_word' id='word_1_26' title='bbox 413 342 692 389; x_wconf 79' lang='lat' dir='ltr'><strong>argumentum</strong></span> <span class='ocrx_word' id='word_1_27' title='bbox 734 342 913 390; x_wconf 79' lang='lat' dir='ltr'>spectas,</span> <span class='ocrx_word' id='word_1_28' title='bbox 951 338 1002 377; x_wconf 88' lang='lat' dir='ltr'>ad</span> <span class='ocrx_word' id='word_1_29' title='bbox 1031 337 1164 378; x_wconf 87' lang='lat' dir='ltr'>omnia</span> <span class='ocrx_word' id='word_1_30' title='bbox 1194 337 1329 390; x_wconf 86' lang='lat' dir='ltr'>poesis</span> <span class='ocrx_word' id='word_1_31' title='bbox 1359 349 1503 389; x_wconf 88' lang='lat' dir='ltr'>genera</span> <span class='ocrx_word' id='word_1_32' title='bbox 1529 335 1711 389; x_wconf 81' lang='lat' dir='ltr'>pertinet.</span> <span class='ocrx_word' id='word_1_33' title='bbox 1773 336 1832 375; x_wconf 78' lang='lat' dir='ltr'>En</span> 
     </span>
    </p>
   </div>
   <div class='ocr_carea' id='block_1_5' title="bbox 102 402 1835 728">
    <p class='ocr_par' dir='ltr' id='par_1_5' title="bbox 102 402 1835 728">
     <span class='ocr_line' id='line_1_6' title="bbox 102 402 1832 464; baseline -0.005 -14"><span class='ocrx_word' id='word_1_34' title='bbox 102 408 209 464; x_wconf 51' lang='lat' dir='ltr'>enirn</span> <span class='ocrx_word' id='word_1_35' title='bbox 228 405 399 448; x_wconf 83' lang='lat' dir='ltr'>decrevit</span> <span class='ocrx_word' id='word_1_36' title='bbox 420 405 665 453; x_wconf 85' lang='lat' dir='ltr'>Graecorum</span> <span class='ocrx_word' id='word_1_37' title='bbox 682 417 747 445; x_wconf 76' lang='lat' dir='ltr'>ars</span> <span class='ocrx_word' id='word_1_38' title='bbox 775 405 951 458; x_wconf 88' lang='lat' dir='ltr'>poetica,</span> <span class='ocrx_word' id='word_1_39' title='bbox 980 411 1026 445; x_wconf 89' lang='lat' dir='ltr'>ut</span> <span class='ocrx_word' id='word_1_40' title='bbox 1045 418 1126 446; x_wconf 90' lang='lat' dir='ltr'>uno</span> <span class='ocrx_word' id='word_1_41' title='bbox 1147 411 1274 445; x_wconf 89' lang='lat' dir='ltr'>metro</span> <span class='ocrx_word' id='word_1_42' title='bbox 1301 417 1428 458; x_wconf 92' lang='lat' dir='ltr'>eoque</span> <span class='ocrx_word' id='word_1_43' title='bbox 1446 403 1651 452; x_wconf 75' lang='lat' dir='ltr'>facillimo,</span> <span class='ocrx_word' id='word_1_44' title='bbox 1693 402 1832 443; x_wconf 90' lang='lat' dir='ltr'>iisdem</span> 
     </span>
     <span class='ocr_line' id='line_1_7' title="bbox 104 464 1835 526; baseline -0.005 -9"><span class='ocrx_word' id='word_1_45' title='bbox 104 474 261 517; x_wconf 73' lang='lat' dir='ltr'>dicendi</span> <span class='ocrx_word' id='word_1_46' title='bbox 290 472 471 517; x_wconf 81' lang='lat' dir='ltr'>formulis</span> <span class='ocrx_word' id='word_1_47' title='bbox 500 464 802 522; x_wconf 77' lang='grc' dir='ltr'><strong><em>κατανυκτικά,</em></strong></span> <span class='ocrx_word' id='word_1_48' title='bbox 831 469 1063 526; x_wconf 76' lang='grc' dir='ltr'><strong><em>θρηνητικά</em></strong></span> <span class='ocrx_word' id='word_1_49' title='bbox 1075 502 1087 520; x_wconf 85' lang='grc'><strong><em>,</em></strong></span> <span class='ocrx_word' id='word_1_50' title='bbox 1121 468 1366 523; x_wconf 71' lang='grc' dir='ltr'><strong><em>ἐπιτύμβια,</em></strong></span> <span class='ocrx_word' id='word_1_51' title='bbox 1391 467 1672 523; x_wconf 73' lang='grc' dir='ltr'><strong><em>ε’πιθαλάμια,</em></strong></span> <span class='ocrx_word' id='word_1_52' title='bbox 1691 470 1835 521; x_wconf 72' lang='grc' dir='ltr'><strong><em>ἐπιβα-</em></strong></span> 
     </span>
     <span class='ocr_line' id='line_1_8' title="bbox 104 536 1832 596; baseline -0.002 -14"><span class='ocrx_word' id='word_1_53' title='bbox 104 538 249 596; x_wconf 80' lang='grc' dir='ltr'><strong><em>τῆρια,</em></strong></span> <span class='ocrx_word' id='word_1_54' title='bbox 287 538 430 594; x_wconf 71' lang='grc' dir='ltr'><strong><em>ὕμνοι,</em></strong></span> <span class='ocrx_word' id='word_1_55' title='bbox 471 537 670 594; x_wconf 74' lang='grc' dir='ltr'><strong><em>ἐρωτικοί,</em></strong></span> <span class='ocrx_word' id='word_1_56' title='bbox 714 537 999 591; x_wconf 78' lang='grc' dir='ltr'><strong><em>συμποσιακά,</em></strong></span> <span class='ocrx_word' id='word_1_57' title='bbox 1046 536 1225 593; x_wconf 72' lang='grc' dir='ltr'><strong><em>ἐγκώμια</em></strong></span> <span class='ocrx_word' id='word_1_58' title='bbox 1269 545 1606 593; x_wconf 84' lang='lat' dir='ltr'>componerentur</span> <span class='ocrx_word' id='word_1_59' title='bbox 1643 537 1832 579; x_wconf 86' lang='lat' dir='ltr'>carmina.</span> 
     </span>
     <span class='ocr_line' id='line_1_9' title="bbox 107 607 1834 661; baseline -0.003 -10"><span class='ocrx_word' id='word_1_60' title='bbox 107 610 277 652; x_wconf 82' lang='lat' dir='ltr'>Omissis</span> <span class='ocrx_word' id='word_1_61' title='bbox 306 608 447 650; x_wconf 82' lang='lat' dir='ltr'>ceteris</span> <span class='ocrx_word' id='word_1_62' title='bbox 477 621 522 649; x_wconf 89' lang='lat' dir='ltr'>ea</span> <span class='ocrx_word' id='word_1_63' title='bbox 552 614 703 648; x_wconf 89' lang='lat' dir='ltr'>tantum</span> <span class='ocrx_word' id='word_1_64' title='bbox 735 607 910 648; x_wconf 87' lang='lat' dir='ltr'>carmina</span> <span class='ocrx_word' id='word_1_65' title='bbox 940 609 1261 657; x_wconf 87' lang='lat' dir='ltr'>consideremus,</span> <span class='ocrx_word' id='word_1_66' title='bbox 1290 621 1460 661; x_wconf 87' lang='lat' dir='ltr'>quorum</span> <span class='ocrx_word' id='word_1_67' title='bbox 1490 611 1722 658; x_wconf 87' lang='lat' dir='ltr'>argumenta</span> <span class='ocrx_word' id='word_1_68' title='bbox 1743 617 1834 646; x_wconf 84' lang='lat' dir='ltr'>cum</span> 
     </span>
     <span class='ocr_line' id='line_1_10' title="bbox 105 673 1834 728; baseline -0.003 -9"><span class='ocrx_word' id='word_1_69' title='bbox 105 676 410 725; x_wconf 74' lang='lat' dir='ltr'>AnacreonteiS,</span> <span class='ocrx_word' id='word_1_70' title='bbox 431 676 480 716; x_wconf 90' lang='lat' dir='ltr'>de</span> <span class='ocrx_word' id='word_1_71' title='bbox 498 675 646 728; x_wconf 90' lang='lat' dir='ltr'>quibus</span> <span class='ocrx_word' id='word_1_72' title='bbox 672 681 753 716; x_wconf 89' lang='lat' dir='ltr'>tota</span> <span class='ocrx_word' id='word_1_73' title='bbox 783 676 911 727; x_wconf 85' lang='lat' dir='ltr'>agitur</span> <span class='ocrx_word' id='word_1_74' title='bbox 945 675 1181 728; x_wconf 89' lang='lat' dir='ltr'>disputatio,</span> <span class='ocrx_word' id='word_1_75' title='bbox 1214 682 1452 727; x_wconf 83' lang='lat' dir='ltr'>congruunt.</span> <span class='ocrx_word' id='word_1_76' title='bbox 1511 674 1691 715; x_wconf 88' lang='lat' dir='ltr'>Primum</span> <span class='ocrx_word' id='word_1_77' title='bbox 1716 673 1834 714; x_wconf 87' lang='lat' dir='ltr'>nobis</span> 
     </span>
    </p>
   </div>
   <div class='ocr_carea' id='block_1_6' title="bbox 30 738 1834 798">
    <p class='ocr_par' dir='ltr' id='par_1_6' title="bbox 30 738 1834 798">
     <span class='ocr_line' id='line_1_11' title="bbox 30 738 1834 798; baseline -0.003 -11"><span class='ocrx_word' id='word_1_78' title='bbox 30 768 39 777; x_wconf 39' lang='lat' dir='ltr'>x</span> <span class='ocrx_word' id='word_1_79' title='bbox 110 745 328 787; x_wconf 81' lang='lat' dir='ltr'>obveniunt</span> <span class='ocrx_word' id='word_1_80' title='bbox 345 743 511 784; x_wconf 81' lang='lat' dir='ltr'>Joannis</span> <span class='ocrx_word' id='word_1_81' title='bbox 530 743 774 795; x_wconf 80' lang='lat' dir='ltr'>grammatici</span> <span class='ocrx_word' id='word_1_82' title='bbox 805 743 946 788; x_wconf 87' lang='lat' dir='ltr'>Gazaei</span> <span class='ocrx_word' id='word_1_83' title='bbox 966 743 1122 792; x_wconf 87' lang='lat' dir='ltr'>odaria,</span> <span class='ocrx_word' id='word_1_84' title='bbox 1153 755 1324 795; x_wconf 87' lang='lat' dir='ltr'>quorum</span> <span class='ocrx_word' id='word_1_85' title='bbox 1345 744 1424 782; x_wconf 90' lang='lat' dir='ltr'>duo</span> <span class='ocrx_word' id='word_1_86' title='bbox 1445 743 1486 783; x_wconf 75' lang='grc' dir='ltr'>ἐν</span> <span class='ocrx_word' id='word_1_87' title='bbox 1510 745 1562 797; x_wconf 86' lang='grc' dir='ltr'>τῇ</span> <span class='ocrx_word' id='word_1_88' title='bbox 1591 738 1723 798; x_wconf 71' lang='grc' dir='ltr'><strong><em>ἡμέρᾳ</em></strong></span> <span class='ocrx_word' id='word_1_89' title='bbox 1751 743 1834 781; x_wconf 83' lang='grc' dir='ltr'>τῶν</span> 
     </span>
    </p>
   </div>
   <div class='ocr_carea' id='block_1_7' title="bbox 95 809 1837 1747">
    <p class='ocr_par' dir='ltr' id='par_1_7' title="bbox 95 809 1837 1747">
     <span class='ocr_line' id='line_1_12' title="bbox 107 809 1833 867; baseline -0.002 -14"><span class='ocrx_word' id='word_1_90' title='bbox 107 809 266 867; x_wconf 75' lang='grc' dir='ltr'><strong><em>ῥόδων,</em></strong></span> <span class='ocrx_word' id='word_1_91' title='bbox 289 811 456 852; x_wconf 85' lang='lat' dir='ltr'>alterum</span> <span class='ocrx_word' id='word_1_92' title='bbox 475 817 736 864; x_wconf 85' lang='lat' dir='ltr'>posteaquam</span> <span class='ocrx_word' id='word_1_93' title='bbox 757 810 939 863; x_wconf 86' lang='lat' dir='ltr'>discipuli</span> <span class='ocrx_word' id='word_1_94' title='bbox 966 810 1167 859; x_wconf 79' lang='lat' dir='ltr'>dixerunt,</span> <span class='ocrx_word' id='word_1_95' title='bbox 1205 811 1394 852; x_wconf 85' lang='lat' dir='ltr'>recitasse</span> <span class='ocrx_word' id='word_1_96' title='bbox 1422 810 1676 863; x_wconf 65' lang='lat' dir='ltr'>perhibetur,</span> <span class='ocrx_word' id='word_1_97' title='bbox 1713 822 1833 861; x_wconf 85' lang='lat' dir='ltr'>argu-</span> 
     </span>
     <span class='ocr_line' id='line_1_13' title="bbox 106 877 1834 932; baseline -0.001 -13"><span class='ocrx_word' id='word_1_98' title='bbox 106 885 244 928; x_wconf 71' lang='lat' dir='ltr'>mento</span> <span class='ocrx_word' id='word_1_99' title='bbox 260 879 390 932; x_wconf 27' lang='lat' dir='ltr'>,fuisse</span> <span class='ocrx_word' id='word_1_100' title='bbox 409 891 543 919; x_wconf 89' lang='lat' dir='ltr'>rosam</span> <span class='ocrx_word' id='word_1_101' title='bbox 563 879 691 931; x_wconf 91' lang='lat' dir='ltr'>ipsam</span> <span class='ocrx_word' id='word_1_102' title='bbox 712 878 842 932; x_wconf 88' lang='lat' dir='ltr'>poetis</span> <span class='ocrx_word' id='word_1_103' title='bbox 862 878 1030 918; x_wconf 86' lang='lat' dir='ltr'>maxime</span> <span class='ocrx_word' id='word_1_104' title='bbox 1049 890 1203 918; x_wconf 87' lang='lat' dir='ltr'>sacram</span> <span class='ocrx_word' id='word_1_105' title='bbox 1223 878 1433 918; x_wconf 88' lang='lat' dir='ltr'>verisimile</span> <span class='ocrx_word' id='word_1_106' title='bbox 1454 884 1527 918; x_wconf 87' lang='lat' dir='ltr'>est.</span> <span class='ocrx_word' id='word_1_107' title='bbox 1569 877 1629 918; x_wconf 87' lang='lat' dir='ltr'>Ad</span> <span class='ocrx_word' id='word_1_108' title='bbox 1650 889 1834 917; x_wconf 86' lang='lat' dir='ltr'>rosarum</span> 
     </span>
     <span class='ocr_line' id='line_1_14' title="bbox 106 936 1833 999; baseline -0.004 -8"><span class='ocrx_word' id='word_1_109' title='bbox 106 936 216 994; x_wconf 77' lang='lat' dir='ltr'>illum</span> <span class='ocrx_word' id='word_1_110' title='bbox 235 947 340 988; x_wconf 87' lang='lat' dir='ltr'>diem</span> <span class='ocrx_word' id='word_1_111' title='bbox 370 945 669 995; x_wconf 83' lang='lat' dir='ltr'>celebrandum,</span> <span class='ocrx_word' id='word_1_112' title='bbox 691 947 740 987; x_wconf 93' lang='lat' dir='ltr'>de</span> <span class='ocrx_word' id='word_1_113' title='bbox 758 959 838 999; x_wconf 88' lang='lat' dir='ltr'>quo</span> <span class='ocrx_word' id='word_1_114' title='bbox 859 946 1005 986; x_wconf 85' lang='lat' dir='ltr'>certius</span> <span class='ocrx_word' id='word_1_115' title='bbox 1025 946 1120 998; x_wconf 86' lang='lat' dir='ltr'>quid</span> <span class='ocrx_word' id='word_1_116' title='bbox 1140 946 1246 998; x_wconf 89' lang='lat' dir='ltr'>apud</span> <span class='ocrx_word' id='word_1_117' title='bbox 1266 953 1417 986; x_wconf 85' lang='lat' dir='ltr'>veteres</span> <span class='ocrx_word' id='word_1_118' title='bbox 1437 959 1519 985; x_wconf 91' lang='lat' dir='ltr'>non</span> <span class='ocrx_word' id='word_1_119' title='bbox 1539 945 1689 998; x_wconf 88' lang='lat' dir='ltr'>reperi,</span> <span class='ocrx_word' id='word_1_120' title='bbox 1721 957 1833 984; x_wconf 87' lang='lat' dir='ltr'>com-</span> 
     </span>
     <span class='ocr_line' id='line_1_15' title="bbox 107 1011 1834 1071; baseline -0.003 -14"><span class='ocrx_word' id='word_1_121' title='bbox 107 1016 238 1071; x_wconf 73' lang='lat' dir='ltr'>posita</span> <span class='ocrx_word' id='word_1_122' title='bbox 258 1026 418 1068; x_wconf 84' lang='lat' dir='ltr'>quoque</span> <span class='ocrx_word' id='word_1_123' title='bbox 435 1013 619 1054; x_wconf 80' lang='lat' dir='ltr'>videntur</span> <span class='ocrx_word' id='word_1_124' title='bbox 638 1014 796 1067; x_wconf 88' lang='lat' dir='ltr'>Georgii</span> <span class='ocrx_word' id='word_1_125' title='bbox 816 1014 1061 1067; x_wconf 83' lang='lat' dir='ltr'>grammatici</span> <span class='ocrx_word' id='word_1_126' title='bbox 1081 1013 1234 1062; x_wconf 90' lang='lat' dir='ltr'>odaria,</span> <span class='ocrx_word' id='word_1_127' title='bbox 1275 1013 1423 1066; x_wconf 87' lang='lat' dir='ltr'>quippe</span> <span class='ocrx_word' id='word_1_128' title='bbox 1449 1026 1550 1066; x_wconf 90' lang='lat' dir='ltr'>quae</span> <span class='ocrx_word' id='word_1_129' title='bbox 1569 1018 1776 1053; x_wconf 78' lang='lat' dir='ltr'>versentur</span> <span class='ocrx_word' id='word_1_130' title='bbox 1792 1011 1834 1051; x_wconf 92' lang='lat' dir='ltr'>in</span> 
     </span>
     <span class='ocr_line' id='line_1_16' title="bbox 107 1078 1836 1138; baseline -0.003 -15"><span class='ocrx_word' id='word_1_131' title='bbox 107 1083 254 1138; x_wconf 78' lang='lat' dir='ltr'>mythis</span> <span class='ocrx_word' id='word_1_132' title='bbox 274 1082 322 1123; x_wconf 82' lang='lat' dir='ltr'>ad</span> <span class='ocrx_word' id='word_1_133' title='bbox 342 1095 476 1122; x_wconf 84' lang='lat' dir='ltr'>rosam</span> <span class='ocrx_word' id='word_1_134' title='bbox 496 1082 784 1135; x_wconf 86' lang='lat' dir='ltr'>pertinentibus</span> <span class='ocrx_word' id='word_1_135' title='bbox 805 1088 851 1123; x_wconf 90' lang='lat' dir='ltr'>ut</span> <span class='ocrx_word' id='word_1_136' title='bbox 867 1081 910 1122; x_wconf 83' lang='grc' dir='ltr'>τί</span> <span class='ocrx_word' id='word_1_137' title='bbox 931 1079 1033 1122; x_wconf 77' lang='grc' dir='ltr'><strong><em>εἴποι</em></strong></span> <span class='ocrx_word' id='word_1_138' title='bbox 1053 1078 1075 1122; x_wconf 81' lang='grc' dir='ltr'><em>ὅ</em></span> <span class='ocrx_word' id='word_1_139' title='bbox 1097 1078 1306 1122; x_wconf 77' lang='grc' dir='ltr'><strong><em>Απόλλων</em></strong></span> <span class='ocrx_word' id='word_1_140' title='bbox 1324 1083 1401 1122; x_wconf 88' lang='grc' dir='ltr'><strong><em>τοῦ</em></strong></span> <span class='ocrx_word' id='word_1_141' title='bbox 1416 1078 1595 1134; x_wconf 86' lang='grc' dir='ltr'><strong><em>Ἔρωτος</em></strong></span> <span class='ocrx_word' id='word_1_142' title='bbox 1613 1078 1836 1134; x_wconf 74' lang='grc' dir='ltr'><strong><em>στέφοντος</em></strong></span> 
     </span>
     <span class='ocr_line' id='line_1_17' title="bbox 105 1135 1836 1204; baseline -0.003 -12"><span class='ocrx_word' id='word_1_143' title='bbox 105 1149 235 1192; x_wconf 67' lang='grc' dir='ltr'>αὖτοῦ</span> <span class='ocrx_word' id='word_1_144' title='bbox 267 1147 320 1190; x_wconf 76' lang='grc' dir='ltr'>τὰ</span> <span class='ocrx_word' id='word_1_145' title='bbox 340 1145 441 1197; x_wconf 80' lang='grc' dir='ltr'><strong><em>τόξα</em></strong></span> <span class='ocrx_word' id='word_1_146' title='bbox 470 1147 553 1190; x_wconf 79' lang='grc' dir='ltr'><strong><em>ἀπὸ</em></strong></span> <span class='ocrx_word' id='word_1_147' title='bbox 583 1146 744 1204; x_wconf 76' lang='grc' dir='ltr'><strong><em>δάφνης</em></strong></span> <span class='ocrx_word' id='word_1_148' title='bbox 777 1149 844 1189; x_wconf 82' lang='grc' dir='ltr'>καὶ</span> <span class='ocrx_word' id='word_1_149' title='bbox 879 1145 1028 1203; x_wconf 78' lang='grc' dir='ltr'><strong><em>ῥόδου,</em></strong></span> <span class='ocrx_word' id='word_1_150' title='bbox 1067 1149 1110 1189; x_wconf 85' lang='grc' dir='ltr'>τί</span> <span class='ocrx_word' id='word_1_151' title='bbox 1116 1135 1236 1190; x_wconf 47' lang='grc' dir='ltr'><strong><em>ἐἴποι</em></strong></span> <span class='ocrx_word' id='word_1_152' title='bbox 1256 1145 1282 1202; x_wconf 79' lang='grc' dir='ltr'><strong><em>ἦ</em></strong></span> <span class='ocrx_word' id='word_1_153' title='bbox 1300 1147 1524 1204; x_wconf 78' lang='grc' dir='ltr'>Ἀφροδίτη</span> <span class='ocrx_word' id='word_1_154' title='bbox 1550 1146 1626 1200; x_wconf 83' lang='grc' dir='ltr'><strong><em>τὴς</em></strong></span> <span class='ocrx_word' id='word_1_155' title='bbox 1651 1145 1836 1199; x_wconf 76' lang='grc' dir='ltr'><strong><em>Ἀθήνας</em></strong></span> 
     </span>
     <span class='ocr_line' id='line_1_18' title="bbox 105 1213 1836 1274; baseline -0.002 -15"><span class='ocrx_word' id='word_1_156' title='bbox 105 1213 368 1274; x_wconf 75' lang='grc' dir='ltr'><strong><em>φυτευσάσης</em></strong></span> <span class='ocrx_word' id='word_1_157' title='bbox 386 1217 527 1258; x_wconf 77' lang='grc' dir='ltr'><strong><em>ἐλαίαν</em></strong></span> <span class='ocrx_word' id='word_1_158' title='bbox 551 1217 618 1258; x_wconf 80' lang='grc' dir='ltr'>καὶ</span> <span class='ocrx_word' id='word_1_159' title='bbox 650 1214 896 1264; x_wconf 73' lang='grc' dir='ltr'><strong><em>ἀνελθόντος</em></strong></span> <span class='ocrx_word' id='word_1_160' title='bbox 919 1214 1069 1270; x_wconf 80' lang='grc' dir='ltr'><strong><em>ῥόδου,</em></strong></span> <span class='ocrx_word' id='word_1_161' title='bbox 1107 1217 1151 1259; x_wconf 85' lang='grc' dir='ltr'>τί</span> <span class='ocrx_word' id='word_1_162' title='bbox 1166 1215 1269 1257; x_wconf 73' lang='grc' dir='ltr'><strong><em>εἴποι</em></strong></span> <span class='ocrx_word' id='word_1_163' title='bbox 1294 1213 1315 1258; x_wconf 83' lang='grc' dir='ltr'><strong><em>ὃ</em></strong></span> <span class='ocrx_word' id='word_1_164' title='bbox 1342 1214 1466 1270; x_wconf 76' lang='grc' dir='ltr'><strong><em>Ἄρης</em></strong></span> <span class='ocrx_word' id='word_1_165' title='bbox 1491 1220 1566 1270; x_wconf 83' lang='grc' dir='ltr'>τῆς</span> <span class='ocrx_word' id='word_1_166' title='bbox 1592 1215 1836 1271; x_wconf 77' lang='grc' dir='ltr'><strong><em>Ἀφροδίτης</em></strong></span> 
     </span>
     <span class='ocr_line' id='line_1_19' title="bbox 104 1282 1834 1342; baseline -0.004 -11"><span class='ocrx_word' id='word_1_167' title='bbox 104 1285 335 1342; x_wconf 70' lang='grc' dir='ltr'><strong><em>τρωθείσης</em></strong></span> <span class='ocrx_word' id='word_1_168' title='bbox 362 1282 444 1326; x_wconf 77' lang='grc' dir='ltr'><strong><em>ἀπὸ</em></strong></span> <span class='ocrx_word' id='word_1_169' title='bbox 484 1282 674 1334; x_wconf 67' lang='grc' dir='ltr'><strong><em>ἀκάνθης</em></strong></span> <span class='ocrx_word' id='word_1_170' title='bbox 708 1282 851 1338; x_wconf 81' lang='grc' dir='ltr'><em>ῥόδου,</em></span> <span class='ocrx_word' id='word_1_171' title='bbox 892 1286 981 1326; x_wconf 89' lang='lat' dir='ltr'>alia.</span> <span class='ocrx_word' id='word_1_172' title='bbox 1040 1287 1112 1326; x_wconf 90' lang='lat' dir='ltr'>Cui</span> <span class='ocrx_word' id='word_1_173' title='bbox 1139 1299 1221 1326; x_wconf 89' lang='lat' dir='ltr'>non</span> <span class='ocrx_word' id='word_1_174' title='bbox 1247 1287 1288 1326; x_wconf 94' lang='lat' dir='ltr'>in</span> <span class='ocrx_word' id='word_1_175' title='bbox 1316 1292 1489 1326; x_wconf 86' lang='lat' dir='ltr'>mentem</span> <span class='ocrx_word' id='word_1_176' title='bbox 1519 1285 1627 1325; x_wconf 85' lang='lat' dir='ltr'>venit</span> <span class='ocrx_word' id='word_1_177' title='bbox 1645 1284 1834 1325; x_wconf 87' lang='lat' dir='ltr'>carminis</span> 
     </span>
     <span class='ocr_line' id='line_1_20' title="bbox 100 1349 1833 1408; baseline -0.003 -10"><span class='ocrx_word' id='word_1_178' title='bbox 100 1353 171 1399; x_wconf 77' lang='lat'>53.</span> <span class='ocrx_word' id='word_1_179' title='bbox 203 1353 274 1407; x_wconf 75' lang='lat' dir='ltr'>(M.</span> <span class='ocrx_word' id='word_1_180' title='bbox 293 1350 367 1406; x_wconf 71' lang='grc' dir='ltr'>η’.</span> <span class='ocrx_word' id='word_1_181' title='bbox 387 1349 467 1408; x_wconf 68' lang='grc' dir='ltr'>νὸ)</span> <span class='ocrx_word' id='word_1_182' title='bbox 481 1386 491 1403; x_wconf 89' lang='grc'><strong><em>,</em></strong></span> <span class='ocrx_word' id='word_1_183' title='bbox 523 1367 601 1407; x_wconf 87' lang='lat' dir='ltr'>quo</span> <span class='ocrx_word' id='word_1_184' title='bbox 634 1354 824 1407; x_wconf 90' lang='lat' dir='ltr'>quidquid</span> <span class='ocrx_word' id='word_1_185' title='bbox 844 1353 893 1393; x_wconf 88' lang='lat' dir='ltr'>ad</span> <span class='ocrx_word' id='word_1_186' title='bbox 913 1366 1029 1394; x_wconf 89' lang='lat' dir='ltr'>rosae</span> <span class='ocrx_word' id='word_1_187' title='bbox 1056 1354 1213 1394; x_wconf 89' lang='lat' dir='ltr'>laudem</span> <span class='ocrx_word' id='word_1_188' title='bbox 1234 1355 1362 1394; x_wconf 86' lang='lat' dir='ltr'>facere</span> <span class='ocrx_word' id='word_1_189' title='bbox 1381 1359 1514 1407; x_wconf 89' lang='lat' dir='ltr'>potest</span> <span class='ocrx_word' id='word_1_190' title='bbox 1540 1353 1665 1394; x_wconf 90' lang='lat' dir='ltr'>multo</span> <span class='ocrx_word' id='word_1_191' title='bbox 1686 1351 1833 1392; x_wconf 89' lang='lat' dir='ltr'>sudore</span> 
     </span>
     <span class='ocr_line' id='line_1_21' title="bbox 101 1420 1835 1476; baseline -0.002 -13"><span class='ocrx_word' id='word_1_192' title='bbox 101 1427 335 1476; x_wconf 65' lang='lat' dir='ltr'>enngaetnm</span> <span class='ocrx_word' id='word_1_193' title='bbox 362 1427 423 1461; x_wconf 92' lang='lat' dir='ltr'>est</span> <span class='ocrx_word' id='word_1_194' title='bbox 452 1422 564 1475; x_wconf 90' lang='lat' dir='ltr'>eique</span> <span class='ocrx_word' id='word_1_195' title='bbox 594 1434 744 1462; x_wconf 83' lang='lat' dir='ltr'>annexa</span> <span class='ocrx_word' id='word_1_196' title='bbox 778 1422 951 1474; x_wconf 78' lang='lat' dir='ltr'>mythica</span> <span class='ocrx_word' id='word_1_197' title='bbox 984 1422 1047 1462; x_wconf 86' lang='lat' dir='ltr'>issa</span> <span class='ocrx_word' id='word_1_198' title='bbox 1079 1423 1127 1462; x_wconf 95' lang='lat' dir='ltr'>de</span> <span class='ocrx_word' id='word_1_199' title='bbox 1156 1435 1273 1463; x_wconf 89' lang='lat' dir='ltr'>rosae</span> <span class='ocrx_word' id='word_1_200' title='bbox 1295 1428 1385 1463; x_wconf 91' lang='lat' dir='ltr'>ortu</span> <span class='ocrx_word' id='word_1_201' title='bbox 1406 1421 1637 1463; x_wconf 75' lang='lat' dir='ltr'>enarratio?</span> <span class='ocrx_word' id='word_1_202' title='bbox 1676 1420 1835 1474; x_wconf 89' lang='lat' dir='ltr'>Optime</span> 
     </span>
     <span class='ocr_line' id='line_1_22' title="bbox 97 1488 1834 1542; baseline -0.003 -9"><span class='ocrx_word' id='word_1_203' title='bbox 97 1504 195 1533; x_wconf 82' lang='lat' dir='ltr'>sane</span> <span class='ocrx_word' id='word_1_204' title='bbox 213 1489 398 1531; x_wconf 80' lang='lat' dir='ltr'>convenit</span> <span class='ocrx_word' id='word_1_205' title='bbox 414 1495 576 1542; x_wconf 89' lang='lat' dir='ltr'>poetae,</span> <span class='ocrx_word' id='word_1_206' title='bbox 618 1489 683 1541; x_wconf 89' lang='lat' dir='ltr'>qui</span> <span class='ocrx_word' id='word_1_207' title='bbox 716 1490 757 1530; x_wconf 94' lang='lat' dir='ltr'>in</span> <span class='ocrx_word' id='word_1_208' title='bbox 784 1491 883 1530; x_wconf 84' lang='lat' dir='ltr'>sesto</span> <span class='ocrx_word' id='word_1_209' title='bbox 908 1488 989 1541; x_wconf 68' lang='lat' dir='ltr'>inoj</span> <span class='ocrx_word' id='word_1_210' title='bbox 1005 1503 1187 1530; x_wconf 89' lang='lat' dir='ltr'>rosarum</span> <span class='ocrx_word' id='word_1_211' title='bbox 1209 1491 1271 1530; x_wconf 92' lang='lat' dir='ltr'>die</span> <span class='ocrx_word' id='word_1_212' title='bbox 1293 1495 1513 1530; x_wconf 87' lang='lat' dir='ltr'>certaturus</span> <span class='ocrx_word' id='word_1_213' title='bbox 1536 1489 1712 1530; x_wconf 83' lang='lat' dir='ltr'>carmine</span> <span class='ocrx_word' id='word_1_214' title='bbox 1736 1499 1834 1541; x_wconf 90' lang='lat' dir='ltr'>pro-</span> 
     </span>
     <span class='ocr_line' id='line_1_23' title="bbox 97 1553 1837 1611; baseline -0.003 -10"><span class='ocrx_word' id='word_1_215' title='bbox 97 1559 181 1601; x_wconf 86' lang='lat' dir='ltr'>diit.</span> <span class='ocrx_word' id='word_1_216' title='bbox 203 1559 322 1608; x_wconf 82' lang='lat' dir='ltr'>Quod</span> <span class='ocrx_word' id='word_1_217' title='bbox 338 1558 415 1599; x_wconf 89' lang='lat' dir='ltr'>sibi</span> <span class='ocrx_word' id='word_1_218' title='bbox 431 1557 644 1611; x_wconf 88' lang='lat' dir='ltr'>proposuit</span> <span class='ocrx_word' id='word_1_219' title='bbox 659 1563 934 1609; x_wconf 85' lang='lat' dir='ltr'>argumentum</span> <span class='ocrx_word' id='word_1_220' title='bbox 945 1559 1120 1599; x_wconf 69' lang='lat' dir='ltr'>,loannes</span> <span class='ocrx_word' id='word_1_221' title='bbox 1140 1558 1421 1610; x_wconf 84' lang='lat' dir='ltr'>grammaticus</span> <span class='ocrx_word' id='word_1_222' title='bbox 1439 1558 1553 1605; x_wconf 85' lang='grc' dir='ltr'><strong><em>τίνας</em></strong></span> <span class='ocrx_word' id='word_1_223' title='bbox 1570 1555 1673 1597; x_wconf 78' lang='grc' dir='ltr'><strong><em>εἴποι</em></strong></span> <span class='ocrx_word' id='word_1_224' title='bbox 1689 1553 1837 1610; x_wconf 77' lang='grc' dir='ltr'><strong><em>λόγους</em></strong></span> 
     </span>
     <span class='ocr_line' id='line_1_24' title="bbox 95 1622 1837 1682; baseline -0.002 -15"><span class='ocrx_word' id='word_1_225' title='bbox 95 1622 121 1676; x_wconf 81' lang='grc' dir='ltr'><em>ἦ</em></span> <span class='ocrx_word' id='word_1_226' title='bbox 135 1624 355 1682; x_wconf 78' lang='grc' dir='ltr'>Ἀφροδίτη</span> <span class='ocrx_word' id='word_1_227' title='bbox 368 1626 545 1677; x_wconf 80' lang='grc' dir='ltr'><strong><em>ζητοῦσα</em></strong></span> <span class='ocrx_word' id='word_1_228' title='bbox 555 1624 624 1665; x_wconf 81' lang='grc' dir='ltr'>τὸν</span> <span class='ocrx_word' id='word_1_229' title='bbox 634 1623 821 1673; x_wconf 80' lang='grc' dir='ltr'><em>Ἄδωνιν,</em></span> <span class='ocrx_word' id='word_1_230' title='bbox 839 1625 943 1666; x_wconf 90' lang='lat' dir='ltr'>idem</span> <span class='ocrx_word' id='word_1_231' title='bbox 961 1626 1003 1666; x_wconf 92' lang='lat' dir='ltr'>in</span> <span class='ocrx_word' id='word_1_232' title='bbox 1021 1627 1157 1666; x_wconf 88' lang='lat' dir='ltr'>odario</span> <span class='ocrx_word' id='word_1_233' title='bbox 1170 1627 1455 1676; x_wconf 75' lang='lat' dir='ltr'>Anacreonteo,</span> <span class='ocrx_word' id='word_1_234' title='bbox 1478 1627 1584 1679; x_wconf 91' lang='lat' dir='ltr'>quod</span> <span class='ocrx_word' id='word_1_235' title='bbox 1603 1626 1837 1679; x_wconf 86' lang='lat' dir='ltr'>plerumque</span> 
     </span>
     <span class='ocr_line' id='line_1_25' title="bbox 98 1690 1836 1747; baseline -0.002 -11"><span class='ocrx_word' id='word_1_236' title='bbox 98 1695 313 1736; x_wconf 84' lang='lat' dir='ltr'>Theocrito</span> <span class='ocrx_word' id='word_1_237' title='bbox 332 1694 591 1742; x_wconf 70' lang='lat' dir='ltr'>adscribitur,</span> <span class='ocrx_word' id='word_1_238' title='bbox 622 1691 837 1745; x_wconf 72' lang='grc' dir='ltr'><strong><em>εἶς-νέκρον</em></strong></span> <span class='ocrx_word' id='word_1_239' title='bbox 854 1691 1027 1734; x_wconf 76' lang='grc' dir='ltr'><strong><em>Ἄδωνιν</em></strong></span> <span class='ocrx_word' id='word_1_240' title='bbox 1046 1700 1256 1734; x_wconf 83' lang='lat' dir='ltr'>tractatum</span> <span class='ocrx_word' id='word_1_241' title='bbox 1276 1694 1449 1746; x_wconf 89' lang='lat' dir='ltr'>reperis,</span> <span class='ocrx_word' id='word_1_242' title='bbox 1486 1707 1615 1747; x_wconf 90' lang='lat' dir='ltr'>neque</span> <span class='ocrx_word' id='word_1_243' title='bbox 1644 1693 1757 1740; x_wconf 85' lang='grc' dir='ltr'><strong><em>τίνας</em></strong></span> <span class='ocrx_word' id='word_1_244' title='bbox 1786 1690 1836 1733; x_wconf 77' lang='grc' dir='ltr'>ἂν</span> 
     </span>
    </p>
   </div>
   <div class='ocr_carea' id='block_1_8' title="bbox 48 1757 1837 1815">
    <p class='ocr_par' dir='ltr' id='par_1_8' title="bbox 48 1757 1837 1815">
     <span class='ocr_line' id='line_1_26' title="bbox 48 1757 1837 1815; baseline -0.002 -11"><span class='ocrx_word' id='word_1_245' title='bbox 48 1765 55 1773; x_wconf 93' lang='grc'><em>”</em></span> <span class='ocrx_word' id='word_1_246' title='bbox 95 1759 199 1804; x_wconf 70' lang='grc' dir='ltr'><strong><em>εἴποι</em></strong></span> <span class='ocrx_word' id='word_1_247' title='bbox 238 1759 387 1815; x_wconf 82' lang='grc' dir='ltr'><strong><em>λόγους</em></strong></span> <span class='ocrx_word' id='word_1_248' title='bbox 416 1758 437 1801; x_wconf 85' lang='grc' dir='ltr'><strong>ὃ</strong></span> <span class='ocrx_word' id='word_1_249' title='bbox 468 1757 672 1807; x_wconf 84' lang='grc' dir='ltr'><strong><em>Διόνυσος</em></strong></span> <span class='ocrx_word' id='word_1_250' title='bbox 701 1764 776 1800; x_wconf 87' lang='grc' dir='ltr'>τοῦ</span> <span class='ocrx_word' id='word_1_251' title='bbox 818 1758 939 1813; x_wconf 68' lang='grc' dir='ltr'><strong><em>ἔαρος</em></strong></span> <span class='ocrx_word' id='word_1_252' title='bbox 969 1757 1243 1812; x_wconf 70' lang='grc' dir='ltr'><strong><em>ἐληλυθότος,</em></strong></span> <span class='ocrx_word' id='word_1_253' title='bbox 1283 1763 1493 1803; x_wconf 87' lang='lat' dir='ltr'>dissimiles</span> <span class='ocrx_word' id='word_1_254' title='bbox 1514 1762 1637 1802; x_wconf 79' lang='lat' dir='ltr'>fuisse</span> <span class='ocrx_word' id='word_1_255' title='bbox 1654 1762 1837 1801; x_wconf 82' lang='lat' dir='ltr'>videntur</span> 
     </span>
    </p>
   </div>
   <div class='ocr_carea' id='block_1_9' title="bbox 98 1825 1837 1883">
    <p class='ocr_par' dir='ltr' id='par_1_9' title="bbox 98 1825 1837 1883">
     <span class='ocr_line' id='line_1_27' title="bbox 98 1825 1837 1883; baseline -0.002 -12"><span class='ocrx_word' id='word_1_256' title='bbox 98 1843 121 1871; x_wconf 83' lang='lat' dir='ltr'>a</span> <span class='ocrx_word' id='word_1_257' title='bbox 139 1830 298 1871; x_wconf 84' lang='lat' dir='ltr'>dnobus</span> <span class='ocrx_word' id='word_1_258' title='bbox 314 1830 597 1871; x_wconf 82' lang='lat' dir='ltr'>Anacreonteis</span> <span class='ocrx_word' id='word_1_259' title='bbox 616 1826 673 1869; x_wconf 87' lang='lat'>37</span> <span class='ocrx_word' id='word_1_260' title='bbox 693 1825 800 1883; x_wconf 57' lang='grc' dir='ltr'>(μδ)</span> <span class='ocrx_word' id='word_1_261' title='bbox 822 1835 862 1870; x_wconf 92' lang='lat' dir='ltr'>et</span> <span class='ocrx_word' id='word_1_262' title='bbox 878 1827 906 1869; x_wconf 88' lang='grc'><strong>3</strong></span> <span class='ocrx_word' id='word_1_263' title='bbox 936 1826 1043 1883; x_wconf 73' lang='grc' dir='ltr'>(λθ’)</span> <span class='ocrx_word' id='word_1_264' title='bbox 1065 1842 1134 1869; x_wconf 87' lang='lat' dir='ltr'>ver</span> <span class='ocrx_word' id='word_1_265' title='bbox 1152 1830 1363 1870; x_wconf 89' lang='lat' dir='ltr'>adveniens</span> <span class='ocrx_word' id='word_1_266' title='bbox 1384 1830 1689 1871; x_wconf 82' lang='lat' dir='ltr'>celebrantibus.</span> <span class='ocrx_word' id='word_1_267' title='bbox 1729 1829 1837 1868; x_wconf 88' lang='lat' dir='ltr'>Inter</span> 
     </span>
    </p>
   </div>
   <div class='ocr_carea' id='block_1_10' title="bbox 58 1893 1835 1952">
    <p class='ocr_par' dir='ltr' id='par_1_10' title="bbox 58 1893 1835 1952">
     <span class='ocr_line' id='line_1_28' title="bbox 58 1893 1835 1952; baseline -0.001 -14"><span class='ocrx_word' id='word_1_268' title='bbox 58 1913 61 1917; x_wconf 93' lang='lat'>·</span> <span class='ocrx_word' id='word_1_269' title='bbox 95 1897 253 1950; x_wconf 80' lang='lat' dir='ltr'>Georgii</span> <span class='ocrx_word' id='word_1_270' title='bbox 272 1898 407 1938; x_wconf 88' lang='lat' dir='ltr'>odaria</span> <span class='ocrx_word' id='word_1_271' title='bbox 431 1903 471 1938; x_wconf 90' lang='lat' dir='ltr'>et</span> <span class='ocrx_word' id='word_1_272' title='bbox 487 1897 539 1946; x_wconf 93' lang='lat' dir='ltr'>id,</span> <span class='ocrx_word' id='word_1_273' title='bbox 562 1897 603 1937; x_wconf 88' lang='lat' dir='ltr'>in</span> <span class='ocrx_word' id='word_1_274' title='bbox 622 1910 701 1949; x_wconf 89' lang='lat' dir='ltr'>quo</span> <span class='ocrx_word' id='word_1_275' title='bbox 722 1897 851 1949; x_wconf 88' lang='lat' dir='ltr'>agitur</span> <span class='ocrx_word' id='word_1_276' title='bbox 870 1897 913 1937; x_wconf 87' lang='grc' dir='ltr'>τί</span> <span class='ocrx_word' id='word_1_277' title='bbox 933 1894 1035 1937; x_wconf 77' lang='grc' dir='ltr'><strong><em>εἴποι</em></strong></span> <span class='ocrx_word' id='word_1_278' title='bbox 1057 1893 1078 1937; x_wconf 82' lang='grc' dir='ltr'><em>ὅ</em></span> <span class='ocrx_word' id='word_1_279' title='bbox 1096 1895 1219 1952; x_wconf 77' lang='grc' dir='ltr'><strong><em>Ἄρης</em></strong></span> <span class='ocrx_word' id='word_1_280' title='bbox 1239 1899 1312 1950; x_wconf 83' lang='grc' dir='ltr'>τῆς</span> <span class='ocrx_word' id='word_1_281' title='bbox 1339 1896 1593 1951; x_wconf 76' lang='grc' dir='ltr'><strong><em>Ἀφρωὸίτης</em></strong></span> <span class='ocrx_word' id='word_1_282' title='bbox 1617 1896 1835 1950; x_wconf 74' lang='grc' dir='ltr'><strong><em>τροθείσης</em></strong></span> 
     </span>
    </p>
   </div>
   <div class='ocr_carea' id='block_1_11' title="bbox 98 1961 1836 2020">
    <p class='ocr_par' dir='ltr' id='par_1_11' title="bbox 98 1961 1836 2020">
     <span class='ocr_line' id='line_1_29' title="bbox 98 1961 1836 2020; baseline -0.002 -13"><span class='ocrx_word' id='word_1_283' title='bbox 98 1963 182 2007; x_wconf 73' lang='grc' dir='ltr'>ἀπὸ</span> <span class='ocrx_word' id='word_1_284' title='bbox 211 1961 401 2017; x_wconf 77' lang='grc' dir='ltr'><strong><em>ἀκάνθης</em></strong></span> <span class='ocrx_word' id='word_1_285' title='bbox 435 1961 581 2018; x_wconf 84' lang='grc' dir='ltr'><strong><em>ῥόδου,</em></strong></span> <span class='ocrx_word' id='word_1_286' title='bbox 622 1965 772 2017; x_wconf 89' lang='lat' dir='ltr'>optime</span> <span class='ocrx_word' id='word_1_287' title='bbox 802 1965 1053 2018; x_wconf 87' lang='lat' dir='ltr'>comparabis</span> <span class='ocrx_word' id='word_1_288' title='bbox 1085 1978 1177 2006; x_wconf 90' lang='lat' dir='ltr'>cum</span> <span class='ocrx_word' id='word_1_289' title='bbox 1209 1966 1275 2007; x_wconf 88' lang='lat' dir='ltr'>od.</span> <span class='ocrx_word' id='word_1_290' title='bbox 1296 1963 1355 2006; x_wconf 88' lang='grc'>40</span> <span class='ocrx_word' id='word_1_291' title='bbox 1385 1963 1507 2020; x_wconf 56' lang='lat' dir='ltr'>(Ml),</span> <span class='ocrx_word' id='word_1_292' title='bbox 1548 1966 1590 2006; x_wconf 92' lang='lat' dir='ltr'>in</span> <span class='ocrx_word' id='word_1_293' title='bbox 1610 1979 1689 2019; x_wconf 89' lang='lat' dir='ltr'>quo</span> <span class='ocrx_word' id='word_1_294' title='bbox 1712 1966 1836 2005; x_wconf 88' lang='lat' dir='ltr'>Amor</span> 
     </span>
    </p>
   </div>
   <div class='ocr_carea' id='block_1_12' title="bbox 36 2029 1832 2086">
    <p class='ocr_par' dir='ltr' id='par_1_12' title="bbox 36 2029 1832 2086">
     <span class='ocr_line' id='line_1_30' title="bbox 36 2029 1832 2086; baseline -0.002 -11"><span class='ocrx_word' id='word_1_295' title='bbox 36 2048 44 2052; x_wconf 91' lang='lat'>·</span> <span class='ocrx_word' id='word_1_296' title='bbox 100 2034 326 2075; x_wconf 79' lang='lat' dir='ltr'>vulneratus</span> <span class='ocrx_word' id='word_1_297' title='bbox 346 2033 396 2074; x_wconf 89' lang='lat' dir='ltr'>ad</span> <span class='ocrx_word' id='word_1_298' title='bbox 418 2038 585 2073; x_wconf 87' lang='lat' dir='ltr'>matrem</span> <span class='ocrx_word' id='word_1_299' title='bbox 610 2033 795 2082; x_wconf 89' lang='lat' dir='ltr'>occurrit,</span> <span class='ocrx_word' id='word_1_300' title='bbox 818 2039 856 2073; x_wconf 90' lang='lat' dir='ltr'>et</span> <span class='ocrx_word' id='word_1_301' title='bbox 879 2033 996 2082; x_wconf 89' lang='lat' dir='ltr'>aliud,</span> <span class='ocrx_word' id='word_1_302' title='bbox 1019 2034 1125 2086; x_wconf 90' lang='lat' dir='ltr'>quod</span> <span class='ocrx_word' id='word_1_303' title='bbox 1145 2033 1375 2073; x_wconf 85' lang='lat' dir='ltr'>inscribitur</span> <span class='ocrx_word' id='word_1_304' title='bbox 1395 2032 1438 2073; x_wconf 87' lang='grc' dir='ltr'>τί</span> <span class='ocrx_word' id='word_1_305' title='bbox 1458 2031 1562 2073; x_wconf 79' lang='grc' dir='ltr'><strong><em>εἷ’ποι</em></strong></span> <span class='ocrx_word' id='word_1_306' title='bbox 1589 2029 1610 2072; x_wconf 84' lang='grc' dir='ltr'><strong>ὅ</strong></span> <span class='ocrx_word' id='word_1_307' title='bbox 1626 2029 1832 2072; x_wconf 82' lang='grc' dir='ltr'><strong><em>Ἀπόλλων</em></strong></span> 
     </span>
    </p>
   </div>
   <div class='ocr_carea' id='block_1_13' title="bbox 98 2096 1834 2358">
    <p class='ocr_par' dir='ltr' id='par_1_13' title="bbox 98 2096 1834 2290">
     <span class='ocr_line' id='line_1_31' title="bbox 98 2096 1834 2155; baseline -0.001 -14"><span class='ocrx_word' id='word_1_308' title='bbox 98 2099 361 2154; x_wconf 77' lang='grc' dir='ltr'><strong><em>κατατρέχων</em></strong></span> <span class='ocrx_word' id='word_1_309' title='bbox 380 2104 454 2153; x_wconf 84' lang='grc' dir='ltr'>τῆς</span> <span class='ocrx_word' id='word_1_310' title='bbox 476 2096 655 2153; x_wconf 82' lang='grc' dir='ltr'><strong><em>Δάφνης</em></strong></span> <span class='ocrx_word' id='word_1_311' title='bbox 679 2101 744 2139; x_wconf 79' lang='grc' dir='ltr'>καὶ</span> <span class='ocrx_word' id='word_1_312' title='bbox 766 2099 1031 2151; x_wconf 77' lang='grc' dir='ltr'><strong><em>ε’μποδισθεὶς</em></strong></span> <span class='ocrx_word' id='word_1_313' title='bbox 1054 2101 1109 2148; x_wconf 75' lang='grc' dir='ltr'>εἷς</span> <span class='ocrx_word' id='word_1_314' title='bbox 1132 2098 1324 2141; x_wconf 74' lang='grc' dir='ltr'><strong><em>ἄκανθαν</em></strong></span> <span class='ocrx_word' id='word_1_315' title='bbox 1350 2098 1474 2155; x_wconf 74' lang='grc' dir='ltr'><strong><em>ῥόδου</em></strong></span> <span class='ocrx_word' id='word_1_316' title='bbox 1501 2114 1577 2142; x_wconf 91' lang='lat' dir='ltr'>nos</span> <span class='ocrx_word' id='word_1_317' title='bbox 1598 2113 1834 2141; x_wconf 89' lang='lat' dir='ltr'>commone-</span> 
     </span>
     <span class='ocr_line' id='line_1_32' title="bbox 99 2164 1834 2222; baseline -0.001 -12"><span class='ocrx_word' id='word_1_318' title='bbox 99 2169 194 2210; x_wconf 75' lang='lat' dir='ltr'>facit</span> <span class='ocrx_word' id='word_1_319' title='bbox 224 2169 377 2209; x_wconf 88' lang='lat' dir='ltr'>mediae</span> <span class='ocrx_word' id='word_1_320' title='bbox 406 2168 530 2208; x_wconf 87' lang='lat' dir='ltr'>odarii</span> <span class='ocrx_word' id='word_1_321' title='bbox 561 2169 608 2207; x_wconf 84' lang='lat' dir='ltr'>sr.</span> <span class='ocrx_word' id='word_1_322' title='bbox 630 2167 679 2208; x_wconf 86' lang='lat'>11.</span> <span class='ocrx_word' id='word_1_323' title='bbox 713 2164 805 2218; x_wconf 72' lang='grc' dir='ltr'>(νζ)</span> <span class='ocrx_word' id='word_1_324' title='bbox 835 2169 980 2220; x_wconf 85' lang='lat' dir='ltr'>partis,</span> <span class='ocrx_word' id='word_1_325' title='bbox 1021 2168 1091 2209; x_wconf 95' lang='lat' dir='ltr'>ubi</span> <span class='ocrx_word' id='word_1_326' title='bbox 1115 2169 1255 2222; x_wconf 79' lang='lat' dir='ltr'>Apollo</span> <span class='ocrx_word' id='word_1_327' title='bbox 1283 2169 1324 2208; x_wconf 91' lang='lat' dir='ltr'>in</span> <span class='ocrx_word' id='word_1_328' title='bbox 1342 2169 1508 2222; x_wconf 87' lang='lat' dir='ltr'>Daphne</span> <span class='ocrx_word' id='word_1_329' title='bbox 1537 2169 1726 2222; x_wconf 89' lang='lat' dir='ltr'>capienda</span> <span class='ocrx_word' id='word_1_330' title='bbox 1756 2169 1834 2209; x_wconf 90' lang='lat' dir='ltr'>im-</span> 
     </span>
     <span class='ocr_line' id='line_1_33' title="bbox 101 2236 666 2290; baseline -0.004 -13"><span class='ocrx_word' id='word_1_331' title='bbox 101 2236 258 2290; x_wconf 88' lang='lat' dir='ltr'>peditus</span> <span class='ocrx_word' id='word_1_332' title='bbox 280 2236 396 2277; x_wconf 92' lang='lat' dir='ltr'>nobis</span> <span class='ocrx_word' id='word_1_333' title='bbox 417 2236 666 2289; x_wconf 82' lang='lat' dir='ltr'>proponitur.</span> 
     </span>
    </p>

    <p class='ocr_par' dir='ltr' id='par_1_14' title="bbox 211 2292 1834 2358">
     <span class='ocr_line' id='line_1_34' title="bbox 211 2292 1834 2358; baseline 0.001 -14"><span class='ocrx_word' id='word_1_334' title='bbox 211 2304 417 2345; x_wconf 77' lang='lat' dir='ltr'>Manifesto</span> <span class='ocrx_word' id='word_1_335' title='bbox 442 2304 757 2344; x_wconf 87' lang='lat' dir='ltr'>Anacreonteum</span> <span class='ocrx_word' id='word_1_336' title='bbox 780 2304 959 2344; x_wconf 90' lang='lat' dir='ltr'>odarium</span> <span class='ocrx_word' id='word_1_337' title='bbox 980 2305 1155 2345; x_wconf 85' lang='lat' dir='ltr'>imitatur</span> <span class='ocrx_word' id='word_1_338' title='bbox 1174 2292 1386 2353; x_wconf 79' lang='lat' dir='ltr'>LeontiuS,</span> <span class='ocrx_word' id='word_1_339' title='bbox 1412 2306 1488 2358; x_wconf 78' lang='lat' dir='ltr'>qui</span> <span class='ocrx_word' id='word_1_340' title='bbox 1522 2311 1566 2345; x_wconf 86' lang='lat' dir='ltr'>ut</span> <span class='ocrx_word' id='word_1_341' title='bbox 1595 2306 1708 2346; x_wconf 89' lang='lat' dir='ltr'>index</span> <span class='ocrx_word' id='word_1_342' title='bbox 1740 2318 1834 2358; x_wconf 90' lang='lat' dir='ltr'>per-</span> 
     </span>
    </p>
   </div>
   <div class='ocr_carea' id='block_1_14' title="bbox 100 2366 1902 2427">
    <p class='ocr_par' dir='ltr' id='par_1_15' title="bbox 100 2366 1902 2427">
     <span class='ocr_line' id='line_1_35' title="bbox 100 2366 1902 2427; baseline 0.001 -16"><span class='ocrx_word' id='word_1_343' title='bbox 100 2371 230 2421; x_wconf 82' lang='lat' dir='ltr'>hibet,</span> <span class='ocrx_word' id='word_1_344' title='bbox 261 2368 438 2426; x_wconf 81' lang='grc' dir='ltr'><strong><em>φιλήσας</em></strong></span> <span class='ocrx_word' id='word_1_345' title='bbox 466 2367 591 2425; x_wconf 81' lang='grc' dir='ltr'><strong><em>κόρην</em></strong></span> <span class='ocrx_word' id='word_1_346' title='bbox 608 2373 660 2424; x_wconf 85' lang='grc' dir='ltr'>τῇ</span> <span class='ocrx_word' id='word_1_347' title='bbox 680 2366 810 2427; x_wconf 72' lang='grc' dir='ltr'><strong><em>ἡμέρᾳ</em></strong></span> <span class='ocrx_word' id='word_1_348' title='bbox 828 2369 904 2423; x_wconf 70' lang='grc' dir='ltr'>μὲν</span> <span class='ocrx_word' id='word_1_349' title='bbox 923 2374 1070 2412; x_wconf 74' lang='grc' dir='ltr'><strong><em>ποθῶν</em></strong></span> <span class='ocrx_word' id='word_1_350' title='bbox 1090 2369 1240 2420; x_wconf 75' lang='grc' dir='ltr'><strong><em>ἐπόνει,</em></strong></span> <span class='ocrx_word' id='word_1_351' title='bbox 1282 2375 1333 2426; x_wconf 86' lang='grc' dir='ltr'>τῇ</span> <span class='ocrx_word' id='word_1_352' title='bbox 1365 2371 1409 2412; x_wconf 76' lang='grc' dir='ltr'>δὲ</span> <span class='ocrx_word' id='word_1_353' title='bbox 1439 2372 1550 2413; x_wconf 83' lang='grc' dir='ltr'><strong><em>νυκτὶ</em></strong></span> <span class='ocrx_word' id='word_1_354' title='bbox 1580 2370 1836 2424; x_wconf 79' lang='grc' dir='ltr'><strong><em>κοιμώμενος</em></strong></span> <span class='ocrx_word' id='word_1_355' title='bbox 1898 2420 1902 2423; x_wconf 17' lang='grc' dir='ltr'>ξ</span> 
     </span>
    </p>
   </div>
   <div class='ocr_carea' id='block_1_15' title="bbox 98 2433 1834 2497">
    <p class='ocr_par' dir='ltr' id='par_1_16' title="bbox 98 2433 1834 2497">
     <span class='ocr_line' id='line_1_36' title="bbox 98 2433 1834 2497; baseline 0.002 -19"><span class='ocrx_word' id='word_1_356' title='bbox 98 2435 379 2490; x_wconf 71' lang='grc' dir='ltr'><strong><em>ἆπηλλάττπο</em></strong></span> <span class='ocrx_word' id='word_1_357' title='bbox 418 2440 494 2479; x_wconf 86' lang='grc' dir='ltr'><strong><em>τοῦ</em></strong></span> <span class='ocrx_word' id='word_1_358' title='bbox 522 2437 717 2491; x_wconf 72' lang='grc' dir='ltr'><strong><em>ἐρωτικοῦ</em></strong></span> <span class='ocrx_word' id='word_1_359' title='bbox 743 2437 893 2494; x_wconf 88' lang='grc' dir='ltr'><strong><em>πυρὸς·</em></strong></span> <span class='ocrx_word' id='word_1_360' title='bbox 933 2437 1205 2493; x_wconf 73' lang='grc' dir='ltr'><strong><em>ὀρθριζούσης</em></strong></span> <span class='ocrx_word' id='word_1_361' title='bbox 1244 2433 1316 2480; x_wconf 69' lang='grc' dir='ltr'>οὖν</span> <span class='ocrx_word' id='word_1_362' title='bbox 1350 2437 1559 2493; x_wconf 71' lang='grc' dir='ltr'><strong><em>χελιδόνος</em></strong></span> <span class='ocrx_word' id='word_1_363' title='bbox 1595 2440 1664 2480; x_wconf 84' lang='grc' dir='ltr'>καὶ</span> <span class='ocrx_word' id='word_1_364' title='bbox 1701 2440 1743 2480; x_wconf 76' lang='grc' dir='ltr'>ἐν</span> <span class='ocrx_word' id='word_1_365' title='bbox 1773 2443 1834 2497; x_wconf 78' lang='grc' dir='ltr'>τῷ</span> 
     </span>
    </p>
   </div>
   <div class='ocr_carea' id='block_1_16' title="bbox 47 2503 1833 2563">
    <p class='ocr_par' dir='ltr' id='par_1_17' title="bbox 47 2503 1833 2563">
     <span class='ocr_line' id='line_1_37' title="bbox 47 2503 1833 2563; baseline 0.001 -15"><span class='ocrx_word' id='word_1_366' title='bbox 47 2545 55 2554; x_wconf 76' lang='grc'><strong><em>,</em></strong></span> <span class='ocrx_word' id='word_1_367' title='bbox 100 2509 286 2548; x_wconf 70' lang='grc' dir='ltr'><strong><em>κτᾶσθαι</em></strong></span> <span class='ocrx_word' id='word_1_368' title='bbox 312 2508 372 2561; x_wconf 79' lang='grc' dir='ltr'>τῷ</span> <span class='ocrx_word' id='word_1_369' title='bbox 391 2503 511 2561; x_wconf 80' lang='grc' dir='ltr'><strong><em>ῥοίζῳ</em></strong></span> <span class='ocrx_word' id='word_1_370' title='bbox 531 2503 763 2560; x_wconf 75' lang='grc' dir='ltr'><strong><em>ἐγειρούσης</em></strong></span> <span class='ocrx_word' id='word_1_371' title='bbox 783 2505 911 2549; x_wconf 79' lang='grc' dir='ltr'><strong><em>αὐτὸν</em></strong></span> <span class='ocrx_word' id='word_1_372' title='bbox 932 2506 1160 2556; x_wconf 77' lang='grc' dir='ltr'><strong><em>ἐπεδείξατο</em></strong></span> <span class='ocrx_word' id='word_1_373' title='bbox 1186 2505 1274 2548; x_wconf 78' lang='grc' dir='ltr'><strong><em>κατ’</em></strong></span> <span class='ocrx_word' id='word_1_374' title='bbox 1303 2507 1431 2560; x_wconf 76' lang='grc' dir='ltr'><strong><em>αὐτῆς</em></strong></span> <span class='ocrx_word' id='word_1_375' title='bbox 1450 2511 1619 2549; x_wconf 81' lang='grc' dir='ltr'><strong><em>τοιαῦτα</em></strong></span> <span class='ocrx_word' id='word_1_376' title='bbox 1641 2505 1833 2563; x_wconf 73' lang='grc' dir='ltr'><strong><em>φάοκωντ</em></strong></span> 
     </span>
    </p>
   </div>
   <div class='ocr_carea' id='block_1_17' title="bbox 101 2572 1835 3041">
    <p class='ocr_par' dir='ltr' id='par_1_18' title="bbox 101 2572 1835 3041">
     <span class='ocr_line' id='line_1_38' title="bbox 101 2572 1833 2630; baseline 0.001 -14"><span class='ocrx_word' id='word_1_377' title='bbox 101 2581 298 2616; x_wconf 86' lang='lat' dir='ltr'>amantem</span> <span class='ocrx_word' id='word_1_378' title='bbox 319 2575 423 2615; x_wconf 90' lang='lat' dir='ltr'>enim</span> <span class='ocrx_word' id='word_1_379' title='bbox 442 2574 594 2615; x_wconf 83' lang='lat' dir='ltr'>invenis</span> <span class='ocrx_word' id='word_1_380' title='bbox 618 2575 669 2614; x_wconf 90' lang='lat' dir='ltr'>od</span> <span class='ocrx_word' id='word_1_381' title='bbox 691 2573 746 2616; x_wconf 81' lang='lat'>12</span> <span class='ocrx_word' id='word_1_382' title='bbox 767 2572 848 2627; x_wconf 73' lang='grc' dir='ltr'>(θ’)</span> <span class='ocrx_word' id='word_1_383' title='bbox 861 2609 870 2625; x_wconf 88' lang='grc'><strong><em>,</em></strong></span> <span class='ocrx_word' id='word_1_384' title='bbox 907 2577 974 2629; x_wconf 90' lang='lat' dir='ltr'>qui</span> <span class='ocrx_word' id='word_1_385' title='bbox 994 2589 1111 2617; x_wconf 88' lang='lat' dir='ltr'>mane</span> <span class='ocrx_word' id='word_1_386' title='bbox 1138 2589 1229 2616; x_wconf 89' lang='lat' dir='ltr'>cum</span> <span class='ocrx_word' id='word_1_387' title='bbox 1249 2577 1470 2630; x_wconf 77' lang='lat' dir='ltr'>Bathyllum</span> <span class='ocrx_word' id='word_1_388' title='bbox 1497 2577 1698 2630; x_wconf 86' lang='lat' dir='ltr'>amplexus</span> <span class='ocrx_word' id='word_1_389' title='bbox 1719 2590 1833 2618; x_wconf 87' lang='lat' dir='ltr'>amo-</span> 
     </span>
     <span class='ocr_line' id='line_1_39' title="bbox 102 2642 1833 2696; baseline 0.002 -14"><span class='ocrx_word' id='word_1_390' title='bbox 102 2654 187 2683; x_wconf 87' lang='lat' dir='ltr'>rem</span> <span class='ocrx_word' id='word_1_391' title='bbox 210 2643 402 2696; x_wconf 84' lang='lat' dir='ltr'>expleret,</span> <span class='ocrx_word' id='word_1_392' title='bbox 425 2642 612 2683; x_wconf 81' lang='lat' dir='ltr'>excitatus</span> <span class='ocrx_word' id='word_1_393' title='bbox 633 2655 655 2682; x_wconf 91' lang='lat' dir='ltr'>a</span> <span class='ocrx_word' id='word_1_394' title='bbox 673 2655 815 2683; x_wconf 90' lang='lat' dir='ltr'>somno</span> <span class='ocrx_word' id='word_1_395' title='bbox 836 2644 1059 2684; x_wconf 88' lang='lat' dir='ltr'>hirundniis</span> <span class='ocrx_word' id='word_1_396' title='bbox 1082 2650 1199 2684; x_wconf 89' lang='lat' dir='ltr'>cantu</span> <span class='ocrx_word' id='word_1_397' title='bbox 1220 2645 1260 2684; x_wconf 90' lang='lat' dir='ltr'>in</span> <span class='ocrx_word' id='word_1_398' title='bbox 1281 2657 1368 2684; x_wconf 91' lang='lat' dir='ltr'>eam</span> <span class='ocrx_word' id='word_1_399' title='bbox 1385 2644 1593 2685; x_wconf 86' lang='lat' dir='ltr'>invehitur.</span> <span class='ocrx_word' id='word_1_400' title='bbox 1635 2645 1833 2685; x_wconf 88' lang='lat' dir='ltr'>Constan-</span> 
     </span>
     <span class='ocr_line' id='line_1_40' title="bbox 102 2705 1834 2765; baseline 0.001 -15"><span class='ocrx_word' id='word_1_401' title='bbox 102 2708 175 2750; x_wconf 83' lang='lat' dir='ltr'>tini</span> <span class='ocrx_word' id='word_1_402' title='bbox 197 2722 357 2762; x_wconf 87' lang='lat' dir='ltr'>quoque</span> <span class='ocrx_word' id='word_1_403' title='bbox 377 2706 556 2763; x_wconf 81' lang='grc' dir='ltr'><strong><em>ὠδάριον</em></strong></span> <span class='ocrx_word' id='word_1_404' title='bbox 578 2706 769 2763; x_wconf 68' lang='grc' dir='ltr'><strong><em>ἐρωτικὸν</em></strong></span> <span class='ocrx_word' id='word_1_405' title='bbox 799 2708 1087 2765; x_wconf 81' lang='grc' dir='ltr'><strong><em>ἀνακρεόντιον</em></strong></span> <span class='ocrx_word' id='word_1_406' title='bbox 1112 2709 1210 2763; x_wconf 84' lang='grc' dir='ltr'><strong><em>ὅπερ</em></strong></span> <span class='ocrx_word' id='word_1_407' title='bbox 1239 2705 1312 2765; x_wconf 77' lang='grc' dir='ltr'>ἧσε</span> <span class='ocrx_word' id='word_1_408' title='bbox 1332 2710 1374 2752; x_wconf 73' lang='grc' dir='ltr'>ἐν</span> <span class='ocrx_word' id='word_1_409' title='bbox 1393 2709 1551 2764; x_wconf 86' lang='grc' dir='ltr'><strong><em>νεότητι</em></strong></span> <span class='ocrx_word' id='word_1_410' title='bbox 1571 2711 1723 2761; x_wconf 80' lang='grc' dir='ltr'><strong><em>παίζων</em></strong></span> <span class='ocrx_word' id='word_1_411' title='bbox 1747 2709 1834 2753; x_wconf 75' lang='grc' dir='ltr'><strong><em>οὔτι</em></strong></span> 
     </span>
     <span class='ocr_line' id='line_1_41' title="bbox 104 2773 1835 2837; baseline 0.002 -20"><span class='ocrx_word' id='word_1_412' title='bbox 104 2773 365 2826; x_wconf 76' lang='grc' dir='ltr'><strong><em>σπουδάζων,</em></strong></span> <span class='ocrx_word' id='word_1_413' title='bbox 404 2775 523 2828; x_wconf 65' lang='grc' dir='ltr'><strong><em>ἔλαβε</em></strong></span> <span class='ocrx_word' id='word_1_414' title='bbox 556 2776 601 2817; x_wconf 75' lang='grc' dir='ltr'>δὲ</span> <span class='ocrx_word' id='word_1_415' title='bbox 634 2774 711 2829; x_wconf 82' lang='grc' dir='ltr'>τὴν</span> <span class='ocrx_word' id='word_1_416' title='bbox 738 2775 935 2819; x_wconf 72' lang='grc' dir='ltr'><strong><em>ὑπόθεσιν</em></strong></span> <span class='ocrx_word' id='word_1_417' title='bbox 965 2780 1008 2820; x_wconf 76' lang='grc' dir='ltr'>ἐκ</span> <span class='ocrx_word' id='word_1_418' title='bbox 1040 2779 1245 2831; x_wconf 83' lang='grc' dir='ltr'><strong><em>μελωδίας</em></strong></span> <span class='ocrx_word' id='word_1_419' title='bbox 1274 2778 1386 2829; x_wconf 78' lang='grc' dir='ltr'><strong><em>τινὸς</em></strong></span> <span class='ocrx_word' id='word_1_420' title='bbox 1421 2778 1624 2837; x_wconf 76' lang='grc' dir='ltr'><strong><em>ᾆδομένης</em></strong></span> <span class='ocrx_word' id='word_1_421' title='bbox 1647 2779 1688 2821; x_wconf 71' lang='grc' dir='ltr'>ἐν</span> <span class='ocrx_word' id='word_1_422' title='bbox 1715 2777 1835 2836; x_wconf 79' lang='grc' dir='ltr'><strong><em>γάμῳ</em></strong></span> 
     </span>
     <span class='ocr_line' id='line_1_42' title="bbox 105 2844 1834 2902; baseline 0.002 -17"><span class='ocrx_word' id='word_1_423' title='bbox 105 2844 209 2886; x_wconf 80' lang='lat' dir='ltr'>sicut</span> <span class='ocrx_word' id='word_1_424' title='bbox 228 2845 439 2886; x_wconf 89' lang='lat' dir='ltr'>melodiam</span> <span class='ocrx_word' id='word_1_425' title='bbox 461 2846 649 2887; x_wconf 88' lang='lat' dir='ltr'>assumsit</span> <span class='ocrx_word' id='word_1_426' title='bbox 668 2859 712 2887; x_wconf 84' lang='lat' dir='ltr'>ex</span> <span class='ocrx_word' id='word_1_427' title='bbox 738 2847 1008 2899; x_wconf 86' lang='lat' dir='ltr'>epithalamio,</span> <span class='ocrx_word' id='word_1_428' title='bbox 1050 2848 1109 2888; x_wconf 86' lang='lat' dir='ltr'>sie</span> <span class='ocrx_word' id='word_1_429' title='bbox 1138 2850 1244 2901; x_wconf 83' lang='lat' dir='ltr'>quod</span> <span class='ocrx_word' id='word_1_430' title='bbox 1278 2849 1328 2889; x_wconf 90' lang='lat' dir='ltr'>ad</span> <span class='ocrx_word' id='word_1_431' title='bbox 1361 2855 1637 2900; x_wconf 85' lang='lat' dir='ltr'>argumentum</span> <span class='ocrx_word' id='word_1_432' title='bbox 1665 2848 1834 2902; x_wconf 89' lang='lat' dir='ltr'>pertinet</span> 
     </span>
     <span class='ocr_line' id='line_1_43' title="bbox 107 2912 1834 2965; baseline 0.002 -13"><span class='ocrx_word' id='word_1_433' title='bbox 107 2925 131 2952; x_wconf 86' lang='lat' dir='ltr'>a</span> <span class='ocrx_word' id='word_1_434' title='bbox 154 2912 334 2965; x_wconf 83' lang='lat' dir='ltr'>plurimis</span> <span class='ocrx_word' id='word_1_435' title='bbox 363 2913 439 2954; x_wconf 90' lang='lat' dir='ltr'>illis</span> <span class='ocrx_word' id='word_1_436' title='bbox 471 2914 628 2954; x_wconf 88' lang='lat' dir='ltr'>eroticis</span> <span class='ocrx_word' id='word_1_437' title='bbox 662 2916 946 2955; x_wconf 83' lang='lat' dir='ltr'>Anacreonteis</span> <span class='ocrx_word' id='word_1_438' title='bbox 984 2929 1067 2956; x_wconf 92' lang='lat' dir='ltr'>non</span> <span class='ocrx_word' id='word_1_439' title='bbox 1103 2917 1270 2957; x_wconf 87' lang='lat' dir='ltr'>multum</span> <span class='ocrx_word' id='word_1_440' title='bbox 1310 2917 1486 2957; x_wconf 78' lang='lat' dir='ltr'>abfuisse</span> <span class='ocrx_word' id='word_1_441' title='bbox 1515 2917 1678 2958; x_wconf 79' lang='lat' dir='ltr'>videtur.</span> <span class='ocrx_word' id='word_1_442' title='bbox 1746 2917 1834 2956; x_wconf 88' lang='lat' dir='ltr'>Jam</span> 
     </span>
     <span class='ocr_line' id='line_1_44' title="bbox 108 2978 1833 3041; baseline 0.002 -22"><span class='ocrx_word' id='word_1_443' title='bbox 108 2978 334 3021; x_wconf 84' lang='lat' dir='ltr'>devenimus</span> <span class='ocrx_word' id='word_1_444' title='bbox 351 2981 408 3041; x_wconf 20' lang='lat' dir='ltr'>*ad</span> <span class='ocrx_word' id='word_1_445' title='bbox 434 2995 524 3021; x_wconf 91' lang='lat' dir='ltr'>eum</span> <span class='ocrx_word' id='word_1_446' title='bbox 546 2981 697 3028; x_wconf 82' lang='lat' dir='ltr'>iocum,</span> <span class='ocrx_word' id='word_1_447' title='bbox 738 2983 805 3034; x_wconf 83' lang='lat' dir='ltr'>qui</span> <span class='ocrx_word' id='word_1_448' title='bbox 840 2996 939 3036; x_wconf 82' lang='lat' dir='ltr'>quae</span> <span class='ocrx_word' id='word_1_449' title='bbox 975 2984 1224 3024; x_wconf 87' lang='lat' dir='ltr'>necessitudo</span> <span class='ocrx_word' id='word_1_450' title='bbox 1255 2985 1357 3024; x_wconf 87' lang='lat' dir='ltr'>inter</span> <span class='ocrx_word' id='word_1_451' title='bbox 1385 2984 1706 3028; x_wconf 78' lang='lat' dir='ltr'>Barberinianam</span> <span class='ocrx_word' id='word_1_452' title='bbox 1738 2996 1833 3023; x_wconf 86' lang='lat' dir='ltr'>ana-</span> 
     </span>
    </p>
   </div>
  </div>
 </body>
</html>
