1910 3268
980 137 1036 180 33

151 269 224 310 Tei
255 274 339 309 erat
372 272 456 308 tum
473 266 598 308 ,Sami
632 271 716 305 tum
748 263 912 304 Athenis
946 269 1030 303 tum
1065 263 1255 303 Abderae.
1327 264 1464 316 Neque
1497 271 1628 304 tamen
1665 267 1868 318 vestigium

150 326 276 380 exstat
297 336 578 383 diasceuastae,
604 332 671 386 qui
696 331 856 392 disjecta
881 331 1031 372 diversa
1056 331 1097 371 in
1120 332 1209 376 loca
1234 331 1407 372 carmina
1433 331 1632 383 collegerit
1654 333 1870 386 litterisque

149 403 363 446 tradiderit.
423 402 549 454 Atque
582 412 683 453 quae
717 399 945 451 gravissima
979 411 1119 439 caussa
1153 403 1233 447 est,
1270 398 1495 452 Polycrates
1525 406 1564 439 et
1588 400 1868 449 Pisistratidae,

132 460 388 526 -'quibuseum
424 467 774 522 conjunctissimus
808 472 892 507 erat
923 466 1149 514 Anacreon,
1184 466 1300 518 primi
1324 466 1583 507 bibliothecas
1610 468 1871 508 condiderunt

150 539 353 592 librosque
387 543 431 578 ut
462 534 624 576 Homeri
658 534 716 574 sic
749 534 916 574 aliorum
951 533 1191 584 colligendos
1226 539 1462 573 curaverunt
1505 534 1553 574 cf.
1587 535 1728 575 Athen.
1762 536 1792 585 1,
1828 534 1868 577 3.

150 606 312 647 Nitzsch
336 605 383 646 de
403 603 625 644 bist.‘Hom.
651 602 746 642 fasc.
763 603 791 651 Ι,
816 614 856 654 p.
874 597 969 641 102.
1029 601 1132 649 Quid
1156 599 1317 647 autem?
1342 613 1438 641 num
1464 602 1547 654 ejus
1572 607 1724 654 poetae,
1752 616 1869 656 quem

150 664 561 715 mnnmisffhonoribus
587 667 858 717 cumularunt,
893 681 1010 721 quem
1034 668 1284 720 Hipparchus
1309 681 1427 717 nave,
1463 682 1564 721 quae
1589 670 1869 724 quinquaginta

151 733 494 791 remis'agebatun
520 738 642 778 missa
666 735 936 783 accersiverat,
974 735 1148 775 carmina
1174 735 1373 775 conscribi
1398 737 1702 790 conscriptaque
1725 739 1870 779 servari

150 810 194 850 in
214 806 463 851 bibliothecis
500 818 580 856 non
616 801 890 843 curavissent?
959 802 1140 843 Diversas
1174 807 1305 842 autem
1339 802 1461 842 fuisse
1496 804 1715 844 carminum
1750 806 1870 846 colle-

154 877 318 925 ctiones,
344 874 459 916 aliam
483 871 657 919 Athenis,
684 870 798 916 aliam
823 869 943 918 Sami,
969 869 1084 910 aliam
1108 870 1275 910 fortasse
1295 869 1365 909 Tei
1390 870 1431 909 in
1456 871 1582 923 patria
1606 871 1717 921 urhe,
1743 881 1871 926 quan*-

154 956 273 999 quam
296 940 550 994 comprobari
573 951 666 979 non.
680 943 812 990 potest
838 937 1101 989 argumentis,
1136 943 1268 978 tamen
1299 951 1380 978 non
1407 941 1515 978 omni
1539 939 1873 981 verisimilitudine

156 1011 276 1054 caret.
333 1009 459 1050 Nobis
494 1008 652 1061 quidem
686 1018 764 1046 una
801 1004 923 1057 eaq'ue
955 1004 1082 1044 Attica
1116 1004 1334 1045 carminum
1369 1005 1486 1045 editio
1521 1007 1767 1059 respicienda
1800 1015 1872 1054 est,

155 1093 247 1127 cum
280 1077 396 1118 Attici
432 1076 645 1128 scriptores
678 1073 845 1117 maxime
876 1072 1134 1113 Anacreontis
1170 1072 1411 1113 mentionem
1444 1073 1589 1114 faciant
1619 1075 1873 1129 Athenisque,

156 1160 257 1202 quae
279 1146 355 1186 flos
386 1143 498 1202 quasi
522 1143 555 1182 si
579 1142 726 1182 litteras
750 1146 976 1193 spectamus
1003 1140 1122 1180 totius
1142 1140 1327 1182 Graeciae
1351 1147 1445 1190 erat,
1470 1141 1637 1181 maxime
1654 1143 1877 1195 petiverint,

157 1221 196 1255 et
229 1212 447 1265 doctrinam
481 1216 520 1250 et
552 1208 674 1249 libros
705 1207 952 1248 Alexandrini
985 1207 1090 1247 docti
1122 1207 1318 1248 homines.
1385 1209 1515 1257 Quare
1547 1209 1581 1248 si
1614 1210 1873 1262 repugnantia

154 1282 277 1323 multa
310 1280 351 1320 in
388 1277 628 1319 carminibus
667 1275 907 1322 invenimus,
953 1265 1114 1314 minime
1147 1287 1191 1314 ex
1227 1275 1443 1316 editionum
1478 1276 1698 1317 diversitate
1732 1290 1873 1318 caussa

140 1336 323 1404 'petenda
355 1353 426 1387 est.
451 1367 509 1375 —
541 1345 619 1385 Sed
646 1356 736 1383 cum
761 1347 910 1383 veteres
934 1341 1073 1394 populi
1096 1342 1263 1382 maxime
1290 1343 1428 1382 Graeci
1462 1343 1503 1383 in
1539 1344 1774 1402 universum·
1790 1357 1872 1385 non

146 1415 440 1467 ι1311110801·οω
470 1418 677 1466 poetarum
713 1409 887 1462 carmina
922 1422 1040 1461 quam
1075 1410 1254 1467 audirent
1289 1415 1404 1463 atque
1437 1417 1643 1460 canerent,
1678 1410 1762 1452 tum
1795 1413 1874 1452 hoc

153 1482 322 1524 inaxime
359 1480 462 1521 cadit
493 1471 537 1519 in
568 1479 608 1519 id
641 1491 764 1530 genus
797 1482 1001 1530 poeseos,
1023 1477 1129 1530 quod
1164 1477 1239 1531 nisi
1276 1491 1366 1517 cum
1393 1483 1510 1518 cantu
1535 1483 1574 1518 et
1596 1479 1748 1520 musica
1773 1492 1872 1520 con-

135 1543 332 1610 junctum
357 1548 436 1588 vim
460 1538 539 1587 fere
564 1556 722 1586 omnem
748 1545 900 1586 amittit.
960 1544 1060 1584 Huic
1097 1550 1226 1586 autem
1262 1557 1306 1584 ex
1324 1545 1596 1586 Anacreontis
1633 1547 1873 1587 carminibus

153 1617 342 1672 paroenia
365 1627 483 1668 quam
502 1613 669 1654 maxime
694 1612 987 1670 annumeranda
1012 1617 1116 1661 sunt,
1141 1625 1310 1664 quorum
1335 1613 1447 1653 locus
1472 1613 1513 1653 in
1539 1614 1874 1655 commissationi-

154 1686 231 1726 bus
252 1684 364 1726 laetis
389 1688 462 1722 est.
519 1681 636 1735 Atqui
661 1693 743 1720 non
758 1680 891 1720 -alium
910 1680 991 1719 fere
1014 1679 1205 1739 populum
1227 1679 1414 1730 invenies,
1439 1680 1507 1733 qui
1535 1686 1739 1734 tantopere
1763 1683 1873 1722 sesti-

153 1754 222 1794 vis.
236 1749 596 1803 compotationibus
622 1748 833 1788 delectatus
869 1747 921 1786 sit
953 1759 1081 1799 neque
1112 1752 1244 1787 tamen
1278 1748 1404 1799 magis
1436 1748 1665 1800 a·Scythico
1702 1749 1874 1790 clamore

152 1825 269 1873 atque
283 1817 540 1858 immoderata
558 1814 783 1856 ebriositate
799 1812 1060 1863 abhomlerit,
1078 1813 1221 1867 quibus
1240 1815 1363 1866 magis
1380 1815 1536 1856 Gratiae
1550 1816 1762 1870 Musaeque
1774 1830 1872 1857 con-

148 1882 415 1940 jungebantur
432 1897 522 1924 eum
538 1884 666 1937 Lyaeo
685 1895 803 1935 quam
820 1881 971 1922 Graeci.
1020 1882 1108 1922 Non
1135 1881 1252 1932 igitur
1265 1881 1422 1931 mirum,
1449 1883 1483 1939 si
1505 1896 1595 1923 mox
1614 1884 1872 1924 Anacreontis

152 1954 369 1996 cantilenae
391 1952 537 2005 ubique
561 1952 602 1991 in
622 1948 1010 2004 commissationibus
1027 1944 1254 1990 audirentur
1270 1957 1660 2004 propagarenturque
1677 1952 1872 1992 audiendo

143 2033 225 2076 per
256 2021 369 2075 plura
402 2020 546 2060 secula.
603 2017 835 2070 Exemplum
867 2016 1109 2056 luculentum
1145 2016 1261 2057 nobis
1304 2008 1553 2070 proponitur
1576 2019 1679 2071 apud
1707 2020 1871 2060 Gellium

97 2103 105 2109 ·
151 2089 200 2130 N.
218 2089 264 2130 A.
284 2085 351 2137 19,
370 2085 404 2128 9
424 2100 469 2127 ex
488 2086 707 2139 posteriore
723 2085 993 2125 Romanorum
1010 2090 1201 2136 tempore,
1228 2084 1295 2124 ubi
1313 2098 1394 2124 non
1419 2085 1494 2138 ipsi
1520 2087 1677 2139 quidem
1703 2099 1870 2139 compo-

152 2162 298 2197 tatores
322 2154 518 2196 canebant
549 2153 619 2193 sed
652 2158 839 2193 canentes
862 2151 1148 2192 Anacreontica
1174 2165 1319 2204 pueros
1346 2153 1578 2203 audiebant:
1605 2153 1707 2202 .,ubi
1732 2155 1870 2194 eduliis

137 2215 275 2273 '„finis
299 2228 339 2262 et
360 2221 514 2275 poculis
538 2212 630 2261 mox
653 2218 982 2271 sermonibusque
1006 2225 1162 2272 tempus
1187 2219 1270 2267 suit,
1306 2220 1538 2264 desideravit
1562 2221 1773 2273 (Antonius
1798 2223 1869 2261 Ju-

152 2291 312 2340 „lianus
331 2286 487 2346 rhetor)
513 2286 684 2328 exhiberi
709 2299 809 2339 quos
833 2286 979 2326 habere
1003 2299 1093 2326 eum
1118 2286 1407 2327 adolescentem
1432 2299 1453 2326 e
1477 2288 1685 2329 terraAsia
1709 2289 1870 2336 sciehat,

151 2357 418 2407 „scitissimos
437 2356 641 2409 utriusque
664 2366 791 2402 sexus,
818 2354 884 2406 qui
911 2360 1096 2394 canerent
1119 2350 1215 2394 voce
1238 2360 1277 2394 et
1300 2356 1366 2407 qui
1391 2355 1613 2407 psallerent,
1641 2368 1685 2396 ac
1710 2363 1870 2408 postea-

151 2437 303 2479 ,‚quam
328 2423 541 2464 introducti
564 2422 676 2476 pueri
700 2421 929 2474 puellaeque
953 2427 1057 2470 sunt,
1077 2412 1297 2473 jucundum
1323 2422 1363 2461 in
1388 2423 1550 2462 modum
1568 2419 1870 2475 Ἀνακρεόντειιι

152 2491 369 2545 „pleraque
391 2514 448 2520 —-
472 2491 738 2530 cecinerunt.“
797 2489 865 2546 Illo
900 2494 1078 2542 tempore
1107 2492 1191 2542 jam
1220 2502 1270 2529 ex
1307 2482 1672 2529 commissationum
1699 2503 1870 2530 consue-

149 2559 285 2600 tudine
307 2557 542 2598 recedebant
574 2557 790 2598 cantilenae
824 2557 864 2596 in
900 2556 1056 2596 scholas
1081 2556 1489 2609 psaltarum-,quibus
1516 2557 1621 2596 docti
1648 2558 1763 2610 pauci
1790 2558 1870 2597 Ro-

98 2636 125 2671 ·,
149 2639 289 2667 manos
314 2631 353 2666 et
377 2639 399 2666 a
423 2631 540 2665 cantu
565 2624 689 2676 magis
715 2625 863 2665 alienos
889 2629 926 2663 et
949 2623 1098 2663 luxurie
1123 2624 1300 2663 fluentes*
1319 2624 1569 2664 delectarent.
1639 2625 1714 2664 Sed
1742 2631 1783 2664 ut
1807 2638 1870 2664 re-

148 2693 311 2734 deamus
336 2693 385 2733 ad
411 2693 581 2732 Graecos
610 2692 857 2744 Graecasque
884 2691 1222 2743 compotationes,
1258 2691 1297 2731 in
1324 2692 1501 2731 canendo
1527 2693 1615 2744 ipso
1642 2706 1782 2732 caussa
1808 2692 1869 2731 in-

150 2762 337 2801 erat'cur
371 2759 586 2800 cantilenae
614 2759 730 2799 facile
764 2763 1021 2798 mutarentur.
1094 2758 1192 2798 Cum
1227 2758 1331 2798 enim
1366 2759 1492 2799 tribus
1526 2759 1882 2799 rationibus'cani'

151 2827 294 2867 soleret
315 2827 355 2867 in
381 2826 579 2878 conviviis,
612 2832 656 2866 ut
683 2831 750 2866 aut
783 2837 920 2865 omnes
945 2838 1024 2866 una
1049 2831 1234 2866 canerent
1261 2832 1327 2866 aut
1350 2827 1492 2878 singuli
1517 2827 1733 2866 secundum
1762 2825 1868 2865 ordi-

151 2906 241 2935 nem
258 2900 326 2936 aut
342 2895 479 2934 ordine
498 2886 582 2934 non'
597 2893 874 2946 observatoqui
899 2892 1125 2946 peritissimi
1145 2899 1277 2933 essent
1301 2894 1341 2932 in
1367 2894 1557 2941 canendo,
1584 2894 1681 2933 alter
1705 2881 1867 2933 alterum

151 2961 354 3014 exciperet,
388 2961 531 3013 singuli
555 2966 622 3002 aut
644 2974 744 3002 nova
769 2961 884 3014 plane
909 2960 1107 3009 carmina,
1139 2956 1258 3013 prout
1281 2960 1412 3001 subito
1440 2960 1722 3013 pangebantur,
1749 2972 1867 3001 cane-
