1910 3268
957 136 984 178 8

105 264 159 315 λε’,
182 262 243 316 [μ’
265 264 492 305 inscribitur
512 260 701 315 ἐρωτικὸν
733 259 929 315 ὥδάριον,
958 275 1182 315 quanquam
1203 268 1241 302 et
1259 263 1389 316 ipsum
1411 263 1460 303 ad
1487 263 1676 317 παροίνια
1697 263 1830 317 potius

104 333 443 372 annumerandum
461 332 539 383 est]
558 327 618 382 μά
638 327 849 384 (ἐρωτικὸν
868 325 1072 384 ὠδάριον).
1111 330 1189 369 Sed
1209 330 1242 370 si
1262 330 1454 371 internam
1476 331 1692 371 carminum
1713 336 1829 371 natu-

104 412 187 440 ram
209 405 446 452 spectamus,
468 399 584 452 plane
603 411 625 438 a
645 397 825 449 genuinis
847 398 1073 449 fragmentis
1093 397 1293 437 recedunt.

217 467 266 506 At
294 480 377 507 non
406 467 446 506 in
475 478 610 506 amore
640 466 770 506 solum
803 465 1061 505 Anacreontis
1089 462 1431 516 ¹u.s')t27versantur;
1452 477 1533 504 non
1550 470 1662 505 tanto
1684 465 1830 506 amoris

104 535 245 575 ardore
265 540 309 574 ut
330 534 489 586 Sappho
516 533 716 582 urebatur,
744 537 789 572 ut
808 532 902 573 alias
923 544 986 572 res
1007 531 1123 584 plane
1144 544 1225 571 non
1247 537 1412 581 curaret,
1443 536 1488 571 ut
1507 531 1606 572 vitae
1625 528 1830 581 hilaritate,

103 615 203 655 quae
223 601 389 641 maxime
409 602 511 641 inter
530 600 730 640 sociorum
761 599 1105 640 commissationes
1127 599 1272 649 elucet,
1303 600 1419 652 plane
1440 612 1482 640 se
1513 599 1713 640 abdicaret
1739 599 1833 639 huic

104 670 172 709 uni
192 669 318 709 amori
338 668 514 709 animum
535 667 758 718 dediturus,
782 667 928 708 amoris
949 668 1147 720 repulsam
1174 680 1264 707 cum
1285 667 1450 715 tulisset,
1474 667 1522 707 ad
1543 667 1699 708 festivas
1720 679 1831 707 com-

104 736 354 776 missationes
396 735 572 786 confugit
615 735 911 788 Dionysumque
949 748 1031 775 non
1066 735 1198 775 minus
1237 748 1355 787 quam
1391 735 1577 774 Amorem
1612 734 1831 774 celebravit.

104 805 233 852 Quare
273 803 413 844 Suidas
455 803 480 843 l.
522 803 547 843 l.
591 802 781 854 παροίνια
819 803 1078 843 Anacreontis
1120 808 1422 851 commemorat3
1463 802 1628 842 Leonid.
1671 802 1831 842 Tarent.

102 872 260 912 Anthol.
292 871 402 911 Plan.
433 871 493 919 lV,
524 884 563 923 p.
586 867 682 910 719.
705 883 744 911 n.
765 867 869 911 306:
909 867 1142 922 Βακχιακὸν
1171 868 1337 923 θέραπα
1368 883 1458 910 eum
1487 869 1600 919 dioit3
1632 869 1835 921 Antipater

104 939 240 979 Sidon.
273 939 318 978 A.
342 939 423 979 Pal.
454 939 533 986 VII,
556 952 596 991 p.
618 935 713 979 314.
735 950 775 978 n.
796 935 872 979 26:
914 933 1173 979 ὃΔιωνύσου
1201 935 1475 989 μεμελημένος
1513 933 1643 977 οἲνάσι
1682 934 1835 988 κώμοις

105 1004 125 1046 ὃ
147 1002 401 1060 φιλακρήτου
432 1002 660 1060 σύντροφος
689 1001 907 1058 ἁρμονίηςς
939 1005 1033 1058 quin
1061 1006 1202 1045 Athen.
1224 1006 1253 1055 I,
1274 1020 1314 1058 p.
1334 1003 1420 1045 429
1439 1005 1487 1045 b:
1518 1001 1539 1044 ὃ
1566 1002 1792 1057 Ἀνακρίων
1813 999 1834 1042 ὅ

105 1077 242 1115 πᾶσαν
264 1072 392 1114 αὐτοῦ
421 1071 497 1126 τὴν
526 1072 688 1126 ποίησιν
719 1069 942 1125 ἐξαρτήσας
959 1071 1094 1125 μέθης
1125 1072 1163 1112 id
1193 1073 1324 1125 ipsum
1355 1073 1389 1112 ei
1421 1071 1637 1125 opprobrio
1669 1072 1756 1121 dat3
1786 1073 1835 1112 ad

106 1142 279 1183 carmina
309 1154 467 1194 quoque
499 1142 745 1181 referendum
776 1141 907 1194 Antip.
941 1141 1064 1180 Sidon
1103 1141 1149 1181 A.
1182 1141 1263 1181 Pal.
1296 1140 1383 1189 VII,
1415 1153 1455 1192 p.
1488 1136 1572 1179 315
1601 1152 1642 1180 n.
1673 1136 1750 1181 27:
1779 1162 1834 1168 —

104 1205 613 1263 Διονύσῳ-κατεσπάσθη
632 1210 712 1256 πᾶς
732 1205 753 1249 ὃ
775 1206 865 1255 τεὸς
883 1207 1035 1260 βίοτος.
1081 1208 1181 1249 Ante
1202 1207 1334 1248 omnia
1354 1212 1485 1247 autem
1504 1207 1716 1247 videndum
1736 1219 1836 1260 quae

105 1277 293 1331 παροίνια
315 1277 414 1326 sint,
437 1289 537 1330 quae
557 1277 656 1316 ratio
678 1277 780 1317 inter
799 1275 1001 1330 παροίνια,
1025 1271 1180 1325 σκόλια,
1203 1271 1461 1326 συμποσιακά
1482 1275 1720 1324 intercedat3
1742 1287 1834 1315 sco-

105 1346 165 1396 1iis
188 1346 292 1385 enim
313 1357 471 1397 quoque
502 1345 730 1385 excelluisse
748 1345 1038 1385 Anacreontem
1070 1356 1115 1384 ex
1133 1343 1321 1383 Athenaei
1345 1342 1474 1382 verbis
1505 1347 1668 1395 apparet
1687 1343 1736 1383 cf.
1757 1342 1835 1391 XV,

105 1410 188 1453 693
210 1426 250 1453 s:
285 1411 508 1465 ἐμέμνηντο
538 1411 580 1452 δὲ
609 1410 647 1452 οἳ
678 1412 819 1453 πολλοὶ
849 1411 915 1452 καὶ
938 1414 1020 1452 τῶν
1036 1409 1229 1451 Ἀττικῶν
1258 1409 1417 1451 ἐκείνων
1445 1409 1617 1450 σκολίων
1641 1407 1743 1463 ἅπερ
1770 1408 1836 1449 καὶ

106 1479 211 1521 αὐτὰ
232 1477 344 1528 ἄξιόν
370 1479 458 1521 ἐστι’
485 1494 549 1520 σοι
578 1477 940 1532 ἀπομνημονεῦσαι
969 1476 1036 1519 διά
1067 1493 1110 1519 τε
1141 1476 1214 1530 τὴν
1246 1475 1502 1531 ἀρχαιότητα
1539 1477 1605 1517 καὶ
1647 1475 1838 1531 ἀφέλειαν

106 1550 187 1588 τῶν
224 1544 481 1600 ποιησάντων
519 1547 586 1587 καὶ
616 1549 698 1588 τῶν
724 1545 1022 1600 ἐπαινουμένων
1057 1545 1120 1586 ἐπὶ
1150 1548 1201 1600 τῇ
1230 1544 1317 1602 ἰδέα
1350 1542 1481 1599 ταύτῃ
1518 1547 1592 1598 τῆς
1628 1546 1838 1597 ποιητικῆς

100 1615 286 1656 Ἀλκαίου
297 1630 339 1656 τε
359 1616 426 1656 καὶ
439 1613 727 1670 Ἀνακρέοντος
746 1612 801 1664 ὡς
814 1612 1111 1670 Ἀριστοφάνης
1131 1613 1372 1667 παρίστησιν
1393 1613 1434 1654 ἐν
1443 1610 1693 1654 Δαιταλεῦσι
1713 1611 1838 1666 λέγων

107 1681 253 1732 οὕτωςε
283 1679 417 1725 Αἶσον
446 1680 497 1736 δή
526 1698 597 1736 μοι
627 1680 789 1724 σκόλιόν
818 1697 858 1723 τι
889 1681 1028 1734 λαβὼν
1041 1681 1230 1723 Ἀλκαίου
1258 1679 1566 1735 κάνακρέοντος.
1642 1681 1758 1729 Quod
1788 1681 1838 1721 ad
1888 1704 1891 1706 ,

106 1748 366 1803 συμποσιακά
388 1752 545 1801 attinet,
577 1752 617 1791 in
638 1752 730 1791 folio
753 1752 859 1804 quod
881 1751 1007 1792 codici
1027 1750 1204 1792 Palatino
1226 1749 1649 1801 anthologiaeGraecae
1668 1748 1837 1800 adgluti-

106 1826 241 1860 natum
278 1826 358 1869 est,
400 1820 514 1861 index
552 1819 693 1871 legitur
722 1819 762 1859 in
793 1832 872 1872 quo
902 1820 1000 1859 haec
1039 1819 1195 1859 insunt:
1239 1814 1526 1869 Ἀνακρέοντος
1567 1815 1696 1868 Τηΐου
1733 1830 1839 1866 συμ-

107 1885 282 1928 ποσιακά
305 1884 513 1940 ἡμιάμβια
539 1886 607 1926 καὶ
642 1883 909 1939 άνακρεόντια
942 1885 1009 1926 καὶ
1034 1885 1241 1941 τρίμετρα.
1299 1884 1418 1924 Recte
1447 1883 1715 1924 Mehlhornius
1745 1883 1840 1923 vidit

106 1951 312 2008 ἡμιάμβια
343 1968 424 1995 non
454 1968 600 1995 novum
631 1954 1078 2008 quoddam'carminum
1108 1966 1231 2006 genus
1260 1952 1481 2004 significare
1511 1951 1581 1991 sed
1609 1951 1659 1991 ad
1679 1964 1840 2002 συμπο-

107 2019 226 2064 σιακά
257 2023 483 2076 appositum
513 2036 613 2063 esse.
679 2023 720 2063 Si
751 2022 867 2062 verba
901 2022 985 2075 ipsa
1016 2020 1206 2075 παροίνια
1235 2026 1273 2060 et
1303 2015 1563 2070 συμποσιακά
1595 2023 1835 2072 spectamus,

108 2092 203 2131 nihil
243 2091 348 2131 aliud
385 2091 609 2142 significant
649 2091 724 2130 nisi
762 2090 933 2130 carmina
973 2090 1075 2130 inter
1117 2087 1482 2136 commissationes,
1534 2087 1583 2127 ad
1618 2085 1837 2139 potandum

108 2160 271 2208 idonea,
302 2163 439 2200 contra
469 2158 509 2198 in
539 2154 700 2198 σκόλιον
727 2158 808 2210 jam
840 2171 860 2197 a
880 2157 1075 2210 principio
1107 2161 1212 2196 certa
1242 2155 1435 2208 quaedam
1470 2153 1704 2205 significatio
1732 2154 1838 2200 latet,

109 2240 226 2279 quam
247 2226 317 2267 viri
345 2226 449 2266 docti
470 2226 573 2266 varie
604 2225 742 2265 elicere
776 2226 1024 2265 studuerunt.
1067 2225 1116 2265 cf.
1146 2224 1266 2276 llgen.
1297 2222 1470 2275 Disquis.
1505 2222 1552 2261 de
1583 2221 1680 2261 scol.
1710 2219 1837 2272 poesi.

111 2294 336 2334 UlriciHist.
351 2306 406 2345 gr.
420 2306 530 2345 poes.
545 2293 592 2334 ΙΙ.
605 2307 644 2345 p.
658 2290 754 2333 377.
783 2292 902 2332 Recte
914 2292 1083 2344 Ilgenius
1102 2297 1276 2331 veterum
1291 2289 1515 2330 testimonia
1535 2293 1696 2329 secutus
1717 2286 1839 2328 scolia

110 2376 153 2403 oa
185 2374 272 2401 esse
299 2361 434 2402 statuit
453 2361 627 2402 carmina
658 2359 891 2408 convivalia,
925 2372 1025 2412 quae
1049 2364 1155 2398 certo
1181 2358 1353 2410 quodam
1384 2368 1623 2409 quamquam
1654 2354 1839 2395 liberiore

108 2436 235 2470 metro
257 2443 276 2469 a
299 2428 537 2481 peritissimo
559 2440 716 2481 quoque
738 2427 1001 2475 canebantur,
1035 2426 1085 2466 ita
1115 2431 1158 2466 ut
1177 2426 1313 2465 eadem
1334 2437 1396 2464 res
1419 2423 1578 2476 saepius
1610 2422 1837 2462 variaretur.

109 2498 186 2538 Sed
207 2496 314 2550 quod
333 2509 373 2548 p.
397 2495 524 2535 CXCV
544 2495 648 2536 aliud
670 2507 792 2546 genus
826 2494 1043 2534 carminum
1068 2493 1325 2539 convivalium
1356 2488 1499 2530 σκόλια
1524 2490 1630 2530 aliud
1649 2487 1838 2542 παροίνια

108 2564 311 2618 putaverit,
334 2576 434 2615 quae
455 2563 503 2603 ab
527 2562 712 2603 omnibus
734 2561 904 2601 convivis
928 2561 1113 2614 deinceps
1136 2566 1289 2600 cantata
1311 2560 1391 2600 sint
1410 2558 1511 2599 serie
1533 2557 1740 2616 continua,
1770 2555 1839 2596 uhi

109 2632 319 2672 indoctiori
350 2643 473 2683 aeque
502 2631 678 2670 illicitum
711 2635 794 2669 erat
824 2633 983 2669 cantum
1003 2629 1184 2680 defugere
1204 2640 1250 2667 ac
1272 2627 1438 2666 doctiori
1459 2626 1556 2665 alios
1576 2625 1707 2664 minus
1728 2635 1838 2663 exer-

110 2700 248 2740 citatos
268 2699 419 2739 ludicro
442 2698 657 2746 excludere,
679 2698 717 2737 id
738 2697 842 2737 nulla
863 2696 1102 2748 scriptorum
1123 2695 1355 2735 auctoritate
1371 2681 1507 2733 nititur
1527 2691 1595 2744 (ef.
1609 2691 1776 2731 Koester
1792 2690 1840 2729 de

54 2777 58 2781 ’
110 2767 291 2807 cantilen.
313 2766 447 2819 popul.
471 2779 511 2818 p.
533 2763 619 2818 70).
662 2765 717 2804 Ex
739 2763 869 2804 Procli
891 2763 995 2803 enim
1017 2762 1350 2802 Chrestomathia:
1384 2758 1430 2801 τό
1459 2757 1502 2798 δὲ
1527 2756 1690 2800 σκολιὸν
1714 2755 1838 2808 μέλος

111 2832 227 2889 ᾔδετο
260 2834 374 2886 περὶ
410 2830 533 2878 τοὺς
566 2829 763 2878 πότους
801 2829 863 2871 διὸ
888 2830 955 2870 καὶ
987 2828 1274 2883 παροίνιον
1298 2826 1386 2869 ἐσθ’
1415 2825 1479 2867 ὅτε
1505 2828 1696 2866 καλοῦσιν
1720 2823 1835 2865 αὐτό.

110 2902 242 2942 Schol.
264 2902 328 2941 Ar.
351 2902 464 2953 Vesp.
489 2897 620 2941 1231:
644 2896 784 2939 σκολιὰ
811 2895 861 2939 τὰ
881 2896 1071 2951 παροίνια
1095 2895 1223 2948 μέλη,
1249 2896 1416 2949 Hesych.
1441 2892 1581 2935 σκολιὰ
1599 2891 1672 2946 τὴν
1691 2891 1836 2947 παροί-

110 2985 192 3009 νιον
227 2967 336 3023 ᾠδὴν
370 2967 516 3021 ἔλεγον.
570 2968 724 3008 Maxim.
756 2968 845 3019 Tyr.
878 2967 980 3006 Diss.
1013 2965 1148 3012 XXIII,
1180 2978 1217 3016 p.
1250 2961 1349 3004 450:
1392 2960 1477 3003 ἀλλ’
1512 2960 1559 3001 οὐ
1595 2962 1694 3001 πᾶσι
1730 2957 1834 3000 καλά
