1910 3268
903 214 958 256 28

71 336 211 377 Anacr.
239 337 327 390 Lyr.
356 339 585 390 1·ediutegr.,
618 339 758 378 iterum
785 339 1042 391 deprehendit
1066 341 1429 381 Mehlhornius
1455 348 1570 394 atque
1594 343 1642 382 ad
1668 341 1794 382 certas

72 403 262 454 quasdam
287 417 448 445 normas
473 405 633 456 redegit.
681 406 786 445 Num
811 419 902 446 vero
927 407 967 446 in
992 407 1039 446 iis
1056 408 1310 458 carminibus,
1337 409 1480 461 quibus
1495 409 1632 449 iisdem
1658 422 1796 448 versus

72 476 314 523 repetuntur,
341 477 446 512 recte
461 485 507 512 ex
530 473 784 525 stropharum
808 473 928 513 semel
950 474 1254 515 constitutarum
1279 475 1428 516 ambitu
1443 489 1580 516 versus
1596 475 1798 516 sustulerit

73 543 140 577 aut
164 537 345 578 lacunam
379 540 578 589 statuerit,
609 540 720 580 valde
753 539 1012 581 dubitandum
1045 542 1217 592 videtur,
1253 542 1293 582 in
1317 542 1500 584 brevibus
1525 543 1629 583 enim
1655 543 1798 583 carmi-

74 604 191 644 nibus
217 605 365 655 variae,
402 607 434 646 si
459 607 648 656 volueris,
684 608 870 659 strophae
903 607 1033 648 locum
1056 609 1225 660 hahent,
1261 611 1381 650 modo
1406 623 1562 650 versum
1588 610 1709 651 addas
1734 615 1802 650 aut

75 671 221 712 demaS.
273 673 329 712 Ex
353 673 548 726 strophis,
582 673 726 726 quibus
751 674 868 714 iidem
906 688 1039 715 versus
1065 683 1318 730 repetuntur,
1354 677 1451 717 aliae
1477 682 1571 718 sunt
1595 682 1799 717 ternorum

78 752 259 780 versuum
287 740 335 780 cf.
364 742 427 781 od.
454 739 510 783 24
537 738 661 794 (μα’).
696 737 753 780 30
780 738 894 795 (13').
931 740 983 783 31
1014 739 1111 797 (η’),
1149 745 1245 786 aliae
1270 751 1552 798 quaternorum
1579 746 1628 786 cf.
1657 745 1722 785 od.
1748 741 1802 784 13

76 802 181 860 (ια’).
222 804 275 847 15
303 803 385 859 (ζ).
420 806 478 850 20
502 806 617 863 (κβ).
651 806 706 850 21
733 806 828 862 (ιζ’).
865 807 921 851 22
946 807 1050 864 (ιη’).
1077 809 1132 853 26
1159 809 1286 864 (μεθ’).
1313 810 1368 853 36
1395 809 1503 866 (νγ’).
1530 809 1586 853 39
1610 809 1726 866 (va').
1750 809 1803 852 41

76 870 195 925 (w').
222 872 280 916 42
306 872 422 928 (μγ’).
458 873 512 916 55
539 874 646 930 (κς’).
679 873 735 916 66
762 874 855 930 (κ’),
891 878 988 918 aliae
1013 880 1224 932 quinorum
1261 881 1309 921 cf.
1347 881 1411 921 od.
1436 877 1464 920 9
1490 877 1592 934 (ιδ’).
1642 877 1696 920 17
1720 876 1804 933 (γ’).

75 938 131 981 23
157 939 266 995 (λζ’).
292 940 347 984 25
374 941 487 996 (μό).
519 942 576 986 32
601 942 685 997 (ν’).
718 942 774 985 33
799 941 905 998 (κς’).
932 942 989 985 54
1013 943 1130 1000 (ταδ’),
1157 961 1343 988 senorum
1371 949 1434 989 od.
1459 946 1489 988 4
1513 944 1622 1002 (Ml).
1670 949 1715 988 ln
1743 947 1808 987 od.

76 1006 133 1050 54
158 1006 254 1061 (νεῖ)
290 1011 450 1063 quintus
475 1012 642 1065 quisque
674 1024 811 1052 versus
835 1025 960 1065 purus
985 1013 1139 1054 ionicus
1166 1021 1242 1064 est,
1278 1029 1367 1056 cum
1402 1016 1519 1055 ceteri
1545 1015 1625 1055 sint
1648 1015 1808 1056 anaclo-

78 1077 196 1127 meni,
235 1078 275 1117 in
312 1079 376 1118 od.
409 1076 464 1119 33
489 1076 594 1132 (ve').
620 1080 890 1120 Pherecrateis
915 1081 955 1120 in
981 1087 1120 1133 quarto
1155 1082 1244 1123 loco
1278 1083 1418 1136 positis
1454 1083 1641 1135 strophae
1675 1088 1809 1135 aperte

83 1145 333 1186 clauduntur.
1282 1186 1286 1188 .
1594 1199 1596 1201 ‚

193 1211 237 1265 3)
262 1213 432 1254 Unicum
458 1219 611 1263 tantum
637 1220 761 1255 exstat
785 1215 1027 1267 exemplum,
1065 1216 1133 1256 uhi
1169 1230 1214 1258 ex
1248 1218 1352 1258 nuda
1388 1217 1452 1258 illa
1486 1217 1709 1258 iamborum
1745 1222 1814 1256 aut

81 1280 303 1321 ionicorum
329 1281 577 1335 simplicitate
611 1282 660 1322 ad
684 1283 876 1335 majorem
911 1288 1129 1324 metrorum
1164 1285 1389 1325 varietatem
1421 1290 1538 1337 atque
1570 1289 1694 1325 artem
1719 1296 1809 1324 eve-

82 1348 228 1388 hantur
249 1348 534 1390 Anacreontea.
583 1350 854 1390 Pherecrateis
879 1350 996 1398 enim,
1024 1363 1125 1402 quos
1151 1353 1256 1404 apud
1281 1352 1495 1403 genuinum
1520 1352 1809 1392 Anacreontem

83 1428 173 1454 cum
199 1415 406 1467 Glyconeis
431 1417 598 1456 maxime
628 1417 862 1469 conjunctos
897 1429 985 1457 esse
1019 1431 1139 1471 supra
1173 1419 1364 1466 vidimus,
1401 1419 1530 1472 primo
1565 1419 1655 1458 loco
1689 1418 1809 1471 positi

82 1487 194 1531 sunt,
230 1483 362 1535 paullo
389 1483 606 1524 deflectunt
629 1484 669 1523 in
695 1484 908 1533 iambicos,
944 1485 1038 1525 dum
1063 1486 1178 1538 plane
1210 1486 1367 1527 iambici
1391 1499 1528 1526 versus
1554 1486 1719 1526 evadant
1743 1486 1806 1526 od.

82 1546 138 1589 34
163 1546 276 1602 (νβ’),
303 1550 415 1603 cujus
443 1556 661 1591 metrorum
687 1551 847 1591 schema
870 1552 949 1591 hoc
974 1557 1051 1592 est:
1241 1572 1263 1593 ο

625 1614 1046 1673 -Ικ-λψ-Ιιυ--Ιψ

671 1683 681 1698 e
969 1684 980 1700 1

624 1715 670 1720 —
693 1684 970 1740 υψ--Ιψ-
992 1709 1036 1726 ψ

670 1751 681 1766 Ι
842 1752 851 1766 ι
973 1752 984 1767 Ι

624 1782 670 1787 -
689 1773 840 1791 υψ-
862 1752 973 1808 Ιυ-
994 1777 1037 1794 ψ

625 1829 983 1885 -1ψψ-ΙΙψ-Ι
1000 1863 1045 1868 —

626 1897 1028 1956 -ΙψΙ-ψψ-Ι-

724 1966 735 1981 Ι
961 1965 970 1980 Ι

627 2032 961 2092 v—'v—{v—
974 2057 1019 2076 ψ

628 2125 983 2144 ψψψψψψψ
1512 2140 1517 2143 ,

199 2173 352 2213 Lindau
377 2187 416 2226 p.
437 2170 494 2215 20
516 2171 644 2213 verbis
669 2174 920 2226 transpositis
943 2174 1095 2226 μέτρον
1119 2171 1294 2227 ἄμετρον
1319 2175 1464 2223 effecit,
1492 2175 1592 2215 duos
1617 2175 1721 2215 enim
1747 2186 1812 2214 ex-

90 2246 236 2280 tremos
263 2253 399 2281 versus
426 2242 483 2281 sic
509 2241 736 2281 constituit:

635 2307 1002 2363 kd—Vl—VQ—

630 2395 778 2414 ψ--ψ
800 2396 1000 2414 —vx-ae—

90 2431 157 2483 qui
181 2443 309 2484 neque
332 2431 579 2472 Pherecratei
606 2434 653 2472 cf.
678 2433 811 2473 Herm.
838 2434 912 2486 Ep.
939 2447 977 2486 p.
1006 2429 1088 2473 192
1113 2444 1239 2484 neque
1266 2431 1452 2484 Glyconei
1476 2438 1580 2473 sunt.

202 2496 248 2551 4)
275 2499 362 2538 Jam
395 2512 440 2540 ex
482 2505 701 2540 metrorum
735 2500 985 2553 simplicitate
1019 2512 1065 2540 ac
1099 2499 1251 2539 levitate
1284 2499 1324 2538 in
1359 2499 1627 2551 posteriorum
1661 2498 1817 2539 seculo-

92 2579 180 2606 rum
199 2566 395 2610 inscitiam
413 2571 529 2619 atque
554 2568 829 2619 negligentiam
846 2561 1069 2616 incidimus,
1098 2568 1209 2619 cujus
1236 2566 1396 2617 vestigia
1414 2567 1508 2606 satis
1528 2567 1640 2610 clara
1655 2567 1696 2606 in
1713 2566 1819 2606 Ana—

93 2633 288 2680 creonteis
324 2638 465 2673 extant.
523 2634 720 2674 Accentus
753 2635 856 2674 enim
889 2634 967 2683 vis,
1003 2647 1102 2686 quae
1131 2634 1213 2686 jam
1246 2634 1286 2672 in
1320 2633 1451 2685 lingua
1485 2633 1712 2687 quotidiana
1746 2632 1821 2672 sub

95 2700 333 2740 Graecarum
368 2699 568 2740 civitatum
602 2701 874 2742 labefactatam
916 2701 1133 2741 libertatem
1170 2714 1410 2753 magnopere
1445 2700 1730 2753 praepollebat,
1775 2712 1822 2739 eo

95 2767 219 2822 magis
242 2771 354 2806 aucta
381 2772 451 2815 est,
478 2780 556 2819 quo
574 2768 689 2807 latius
715 2769 947 2820 vulgabatur
966 2769 1137 2808 Graecae
1152 2768 1308 2819 linguae
1333 2781 1443 2817 usus,
1462 2780 1591 2820 neque
1610 2769 1693 2820 Jam
1708 2779 1823 2825 aures

97 2833 283 2874 canendis
309 2833 598 2887 recitandisque
625 2836 866 2876 carminibus
891 2841 1066 2875 veterum
1094 2835 1321 2887 quantitatis
1356 2847 1456 2887 quae
1483 2835 1624 2874 dicitur
1657 2833 1824 2886 syllaba-

95 2896 183 2940 rum
209 2900 360 2952 legibus
376 2932 386 2949 ‚
422 2901 565 2952 quibus
591 2902 831 2942 admirabilis
865 2902 1021 2941 illorum
1046 2908 1263 2942 metrorum
1287 2902 1453 2942 varietas
1489 2906 1605 2954 atque
1629 2901 1827 2954 euphonia

95 2968 300 3017 nitebatur,
339 2967 628 3009 imbuebantur.
680 2970 736 3009 lta
761 2970 906 3008 factum
931 2974 991 3009 est
1015 2975 1059 3009 ut
1082 2969 1190 3009 labes
1215 2969 1278 3008 illa
1303 2982 1349 3009 ex
1371 2969 1503 3020 lingua
1536 2967 1761 3021 quotidiana
1785 2966 1827 3007 in

94 3035 299 3075 doctorum
337 3035 542 3076 hominum
568 3036 702 3084 libros,
730 3036 823 3088 quin
845 3036 884 3076 in
911 3036 1083 3076 carmina
1110 3035 1193 3087 ipsa
1213 3036 1421 3076 invaderet.
1471 3035 1647 3075 Primum
1672 3034 1830 3088 vocales
