1910 3268
136 268 267 309 Pauca
293 269 411 322 igitur
436 271 569 311 odaria
595 276 699 320 sunt,
727 271 767 310 in
793 270 938 322 quibus
964 271 1128 311 omnino
1149 273 1352 314 alliteratio
1374 275 1605 326 inveniatur,
1631 278 1695 318 od.
1711 275 1865 331 3(2a‘).

138 333 192 376 18
217 332 303 389 (δ’).
340 334 397 379 20
421 334 536 390 (κβ).
570 335 626 377 37
650 335 770 390 (puy).
806 334 862 378 38
887 334 1000 390 (με’).
1037 336 1090 378 41
1119 336 1226 392 (λς’).
1261 338 1318 382 42
1342 338 1434 394 (μ’).
1471 339 1529 383 51'
1551 340 1658 397 (vg').
1691 342 1747 386 53
1772 342 1866 399 (vy‘)

136 404 239 444 inter
261 418 384 457 eaque
408 405 575 445 maxime
601 406 774 445 notanda
799 410 893 445 sunt
917 406 981 445 od.
1007 403 1043 445 3·
1060 403 1173 460 (λα’).
1221 405 1279 450 20
1302 405 1418 461 (κβ).
1464 407 1519 450 41
1545 409 1652 464 (λς’).
1688 410 1746 454 42
1771 410 1866 466 (μ’).

249 472 359 520 Quae
382 472 475 511 huic
502 472 618 524 capiti
644 472 821 512 addenda
846 479 951 513 esset
975 474 1022 513 de
1047 475 1199 515 musica
1225 476 1446 517 carminum
1467 478 1619 518 ratione
1637 479 1864 533 disputati0‚

136 551 361 591 quanquam
398 540 530 590 magni
564 552 659 579 sane
695 541 887 580 momenti
922 546 983 580 est
1015 541 1055 580 in
1094 542 1344 594 dijudicanda
1385 550 1511 584 aetate
1545 559 1706 596 eorum,
1750 548 1867 600 plane

136 607 350 646 omittenda
387 606 483 645 mihi
517 607 680 656 videtur,
718 620 809 647 cum
846 613 884 647 et
918 608 1003 660 ipse
1035 609 1097 649 his
1131 609 1251 649 rebus
1287 610 1454 650 maxime
1487 611 1669 654 obscuris
1705 615 1867 656 minime

135 673 311 713 imbutus
338 673 412 713 sim
447 679 486 713 et
509 674 639 714 desint
662 675 886 715 testimonia
914 676 1070 725 omnia,
1105 676 1249 728 quibus
1283 678 1358 749 rpisi
1385 679 1432 718 de
1455 678 1737 722 Anacreonteis
1762 683 1865 736 diju-

135 741 326 781 dicemus.
386 741 675 781 Anacreontem
711 742 843 794 ipsum
881 738 1084 796 ἁρμονίαν
1114 742 1284 796 χυμίσαι
1320 757 1410 785 cum
1435 746 1554 799 Ibyco
1591 753 1630 788 et
1651 749 1794 790 Alcaeo
1820 763 1864 791 ex

137 809 255 849 Arist.
294 809 456 849 Thesm.
503 822 538 849 v.
576 805 671 848 151.
709 815 886 860 constat,
924 811 1050 851 tribus
1085 811 1302 851 harmoniis
1337 813 1516 866 Phrygia,
1552 814 1685 867 Lydia,
1721 817 1862 858 Dorica

134 889 252 918 usum
277 876 400 916 fuisse
437 877 554 916 tradit
577 877 816 917 Posidonius
851 879 957 930 apud
980 879 1121 919 Athen.
1154 880 1248 928 XIV,
1275 893 1315 932 p.
1341 877 1438 920 635.
1466 893 1499 921 e.
1561 882 1602 922 Si
1628 884 1740 936 sequi
1773 885 1864 926 licet

135 945 314 985 odarium
337 944 420 983 LIV
446 943 514 995 (M.
547 941 622 995 νζ)
651 944 811 984 serioris
837 945 974 985 aetatis
1000 947 1160 995 foetum,
1187 959 1244 995 ea,
1271 960 1371 999 quae
1396 948 1572 989 dimetris
1597 950 1740 992 ionicis
1765 965 1862 1000 ana-

135 1012 324 1052 clomenis
351 1011 578 1063 conscripta
603 1017 715 1051 erant
750 1012 922 1052 carmina
939 1044 948 1061 ,
983 1014 1202 1053 secundum
1227 1014 1434 1066 Phrygiam
1470 1016 1716 1060 harmoniam
1743 1032 1861 1060 cane—

133 1080 287 1126 bantur,
314 1084 431 1130 poeta
457 1079 560 1123 enim
587 1079 659 1118 iste
685 1079 797 1118 dicit:

731 1145 975 1200 ἐλεφαντίνῳ
1001 1145 1044 1186 δὲ
1068 1143 1260 1202 πλήκτρῳ

730 1211 892 1268 λιγυρὸν
915 1214 1040 1265 μέλος
1063 1214 1261 1269 κροαίνων

731 1281 897 1336 Φρυγίῳ
923 1279 1073 1337 ῥυθμῷ
1095 1280 1252 1336 βοήσω.

129 1352 205 1391 Sed
231 1363 423 1404 quaenam
450 1357 574 1390 metra
599 1351 660 1389 his
686 1350 903 1390 harmoniis
930 1351 1198 1403 respondeant
1230 1353 1390 1393 nonnisi
1417 1354 1663 1407 conjiciendo
1700 1358 1857 1410 assequi

130 1432 359 1471 possumus.
409 1418 569 1458 Accedit
593 1418 701 1471 quod
724 1418 967 1470 posteriores
992 1418 1207 1470 scriptores
1231 1420 1477 1461 musicorum
1502 1422 1856 1464 instrumentorum

132 1486 291 1526 nomina
318 1491 362 1525 ut
386 1485 584 1533 barbiton,
620 1485 815 1536 magadin,
852 1485 973 1537 lyram
999 1486 1225 1538 promiscue
1250 1494 1551 1540 usurpaverunt.
1612 1490 1716 1531 Nihil
1742 1491 1859 1543 igitur

132 1567 193 1593 me
219 1554 348 1593 dicere
373 1553 476 1592 malo
502 1566 620 1605 quam
645 1553 765 1593 nimia
790 1558 857 1593 aut
881 1553 988 1592 falsa.

855 1720 1002 1777 Cap.
1042 1723 1131 1766 II.

423 1814 487 1861 De
512 1820 653 1861 textus
677 1814 1089 1861 Anacreonticorum
1114 1815 1351 1862 carminum
1377 1815 1570 1863 historia.

935 1937 972 1992 ς.
1001 1935 1038 1978 1.

560 2017 724 2061 Quomodo
743 2022 924 2060 propagata
942 2018 1012 2050 sint
1028 2016 1244 2050 Anacreontis
1263 2018 1421 2050 carmina.

244 2099 401 2139 Litteris
431 2097 639 2138 tradidisse
663 2098 793 2150 ipsum
818 2098 1106 2137 Anacreontem
1141 2097 1314 2137 carmina
1347 2097 1480 2137 multis
1505 2110 1550 2138 ex
1576 2100 1727 2140 caussis
1751 2101 1855 2140 veri-

131 2167 257 2208 simile
282 2172 362 2206 est:
397 2166 570 2218 primum
595 2165 699 2205 enim
725 2165 765 2204 in
792 2178 836 2205 ea
862 2170 987 2205 aetate
1011 2165 1122 2214 vixit,
1159 2177 1259 2217 quae
1284 2178 1304 2205 a
1329 2165 1495 2217 pristina
1518 2165 1581 2206 illa
1606 2166 1856 2219 simplicitate

129 2234 246 2286 longe
269 2233 444 2282 recessit,
484 2246 559 2285 qua
586 2232 759 2272 carmina
785 2245 829 2272 ex
854 2232 1004 2285 populo
1040 2233 1152 2285 quasi
1187 2232 1275 2285 ipso
1310 2237 1400 2272 nata
1426 2233 1564 2285 populi
1589 2246 1657 2274 ore
1683 2234 1854 2276 circum—

131 2303 321 2350 feruntur,
344 2302 425 2354 jam
451 2301 498 2340 ad
524 2312 725 2340 summum
750 2300 889 2340 florem
914 2304 1068 2340 evectae
1094 2305 1205 2339 erant
1237 2299 1415 2339 coloniae
1439 2300 1610 2350 Ionicae,
1640 2302 1723 2354 jam
1747 2316 1854 2343 mer—
1905 2302 1910 2311 ⁴

131 2375 264 2410 catura
291 2368 478 2417 florebat,
510 2368 592 2420 jam
618 2367 790 2419 populus
815 2372 883 2406 aut
906 2366 1073 2406 liberum
1109 2366 1348 2419 reipublicae
1373 2371 1518 2407 statum
1544 2367 1620 2408 sibi
1645 2381 1854 2422 compara-

129 2442 238 2477 verat
261 2441 329 2476 aut
351 2441 607 2488 tyrannorum
632 2434 839 2486 prudentia
865 2439 981 2486 atque
1006 2433 1149 2486 opibus
1175 2434 1443 2474 coercebatur.
1491 2435 1699 2476 Anacreon
1724 2442 1854 2478 autem

130 2504 292 2544 minime
317 2503 375 2542 vir
398 2502 603 2556 popularis
629 2507 723 2549 erat,
753 2502 822 2541 sed
843 2514 932 2541 cum
951 2501 1126 2553 tyrannis
1144 2501 1241 2554 ipsis
1262 2493 1638 2554 conjunctissimum
1663 2503 1855 2556 sapientia

128 2578 286 2624 praeter
326 2583 464 2610 omnes
510 2568 741 2618 excellebat,
792 2575 835 2609 ut
876 2569 1070 2620 Polycrati
1111 2568 1297 2620 magister
1341 2569 1551 2609 adderetur
1591 2569 1751 2612 Himer:
1787 2572 1854 2612 Or.

129 2639 244 2687 XXX,
271 2636 310 2678 3.
359 2638 540 2677 Welcker
564 2637 679 2677 Cens.
706 2637 847 2688 Bergk.
874 2637 974 2676 Mus.
1001 2636 1074 2676 Rh.
1101 2637 1165 2683 ΙΙΙ,
1192 2633 1229 2675 1.
1256 2649 1296 2691 p.
1320 2632 1414 2684 130,
1450 2642 1588 2688 postea
1612 2638 1854 2689 gravissimis

130 2706 306 2746 conciliis
343 2705 563 2744 interesset.
636 2704 739 2752 Quid
775 2702 924 2755 igitur?
966 2716 1061 2743 num
1098 2704 1181 2756 ejus
1218 2703 1391 2743 carmina
1425 2704 1562 2756 populi
1598 2717 1667 2744 ore
1701 2710 1853 2746 tantum

129 2778 343 2825 propagata
371 2785 458 2811 esse
483 2777 690 2824 putemus,
727 2771 793 2823 qui
827 2771 912 2823 ipse
946 2783 1027 2810 non
1063 2771 1103 2810 in
1137 2769 1274 2822 populi
1311 2783 1457 2810 corona
1493 2776 1652 2811 caneret
1675 2772 1847 2813 carmina

129 2840 197 2880 sed
224 2839 422 2879 accubans
450 2844 704 2891 tyrannorum
731 2838 869 2890 epulis,
897 2838 1040 2890 quibus
1057 2837 1175 2889 pauci
1193 2842 1344 2876 tantum
1365 2837 1469 2889 iique
1487 2837 1642 2877 nobiles
1661 2838 1855 2880 aderant?

129 2906 290 2946 Accedit
314 2907 418 2958 quod
445 2906 650 2946 Anacreon
686 2918 766 2944 non
803 2905 841 2944 in
878 2918 958 2945 uno
994 2905 1104 2952 loco,
1140 2917 1219 2943 una
1243 2904 1404 2955 regione
1428 2916 1586 2956 semper
1609 2905 1850 2955 morabatur,

130 2973 196 3013 ubi
223 2973 394 3013 carmina
421 2973 567 3013 sensim
594 2973 632 3012 in
660 2985 822 3013 succum
850 2977 965 3024 atquc
989 2971 1220 3023 sanguinem
1239 2971 1375 3023 populi
1395 2976 1648 3019 verterentur,
1675 2972 1743 3011 sed
1768 2977 1851 3014 tum
