1910 3268
923 149 977 190 17

197 279 278 320 Pro
299 278 426 319 tribus
455 277 627 318 maxime
656 274 856 317 vocalibus
886 274 936 315 ab
966 274 1130 315 Ionibus
1157 274 1355 327 pleniores
1382 275 1479 327 poni
1499 274 1647 315 solent:
1678 288 1751 327 pro
1783 274 1810 313 ἆ

12 334 14 337 ’
87 363 127 401 η,
147 361 172 388 ο
190 361 253 396 ov,
273 361 292 387 ε
311 359 357 394 ει,
377 350 506 398 neque
526 346 670 386 desunt
688 342 862 395 exempla
882 342 922 382 in
943 343 1190 383 Anacreonte
1209 342 1256 382 l'r.
1276 341 1415 382 LXIX:
1446 344 1630 395 κρητῆρι.
1652 342 1810 383 LXXX:

2 445 6 449 -
86 410 234 468 κούρα.
278 413 461 473 LXXXV,
491 410 541 455 2:
575 413 742 464 μοῦνον.
768 410 871 460 XIX,
899 406 948 450 9:
979 406 1119 461 δουρύ.
1150 409 1328 450 LXXIII:
1357 412 1504 462 κοῦραι
1532 410 1658 450 XLII:
1685 409 1811 450 ε’ίνεκα

86 483 187 535 (buc
203 482 400 536 pertineat
415 478 563 521 ἔνεικον
580 493 656 533 pro
676 476 835 530 ἔνεγκον
854 477 1071 530 positum);
1104 477 1146 517 in
1176 478 1314 517 eodem
1345 483 1475 518 autem
1505 477 1637 518 locum
1667 478 1814 519 habent

88 548 207 599 ξένοι,
236 561 320 590 non
353 549 469 596 ξεῖνοι
497 546 598 596 LVI,
618 546 800 595 LXXXV,
851 543 958 599 πλέῳ
977 557 1060 584 non
1090 544 1211 599 πλείῳ
1231 545 1365 584 LXIX.
1408 545 1531 597 Epica
1551 545 1667 598 plane
1688 547 1812 585 forma

86 617 214 658 utitur
229 617 438 657 Anacreon
470 627 544 668 pro
575 610 642 654 ὅτε
660 606 750 654 εὖτε
771 614 820 653 cf.
842 614 889 653 sr.
910 613 1079 652 LXXXI.
1131 613 1247 661 Quod
1271 617 1402 652 autem
1423 613 1625 653 Herodoto
1647 613 1814 653 maxime

87 684 297 738 proprium
317 689 379 724 oet
397 682 685 735 diphthongum
704 695 756 720 av
776 681 817 720 in
836 679 1142 732 pronominibus
1160 679 1321 718 dilatare
1340 679 1380 718 in
1399 694 1470 728 nm,
1492 680 1610 733 hujus
1637 680 1692 719 rei
1709 681 1814 733 apud

87 750 377 793 Anacreontem
395 749 601 800 vestigium
622 760 704 787 non
724 747 931 796 invenitur,
961 745 1138 798 ἐμαυτὸν
1158 746 1302 785 dicitur
1323 746 1467 795 LXIII,
1492 760 1575 787 non
1599 744 1813 799 ἐμεωυτόν.

86 817 303 859 Diaei-esim
326 817 433 857 illam
451 816 603 868 epicam
627 814 843 855 adhibitam
867 814 1086 866 reperimus
1111 814 1153 853 in
1170 813 1271 862 XIX,
1295 810 1369 853 13:
1395 814 1491 860 πα·ί·ς
1507 815 1603 862 XVI,
1621 813 1661 855 3.
1687 813 1815 863 παῖδί,

86 897 327 939 quamquam
349 883 409 923 vel
433 883 592 936 saepius
620 881 823 922 communi
846 882 973 922 forma
997 881 1120 921 utitur
1142 886 1277 933 poeta:
1302 881 1463 930 XXXII,
1488 879 1533 923 2;
1560 887 1655 930 παῖς
1678 880 1814 923 LXXI:

86 949 250 1001 παιδός.
306 952 381 1004 Ep.
405 950 485 1000 VH,
511 947 559 990 1:
593 948 722 989 παιδί.
779 949 915 989 XCVI:
939 948 1091 996 παῖδα,
1118 948 1350 1000 saepissime
1372 942 1462 988 ’παιῖ
1522 950 1632 998 Quae
1655 950 1817 1003 propria

89 1026 152 1062 est
171 1019 335 1061 Ionibus
361 1017 618 1059 contrahendi
642 1017 762 1065 ratio,
795 1022 840 1056 ut
865 1030 909 1057 ex
934 1031 970 1056 ιο
997 1022 1064 1058 aut
1088 1030 1128 1056 οε
1154 1015 1345 1056 efficiatur
1370 1030 1435 1066 ευ,
1466 1029 1511 1056 ex
1533 1031 1579 1056 εα
1599 1032 1639 1068 η,
1661 1030 1707 1057 ex
1731 1031 1763 1056 ιε
1787 1013 1817 1066 ἶ,

87 1088 138 1132 ab
174 1101 223 1129 ea
244 1087 452 1128 Anacreon
477 1097 559 1125 non
583 1084 784 1125 abstinuit.
847 1084 896 1125 cf.
922 1085 969 1125 tr.
995 1084 1044 1133 ΙΙ,
1070 1081 1137 1124 11.
1185 1083 1280 1132 XIV,
1306 1080 1355 1124 2:
1389 1080 1573 1123 Δεύνυσε
1595 1081 1819 1136 (Διόνυσος

86 1154 191 1196 LIII.
214 1149 329 1207 LIV),
354 1153 499 1194 XLIII:
518 1153 725 1205 χαριτεῦν,
749 1149 906 1200 LX1‚2:
932 1150 1200 1202 ἇνθεμεῦντα,
1220 1148 1344 1199 L1‚2:
1370 1148 1470 1203 ἱρόν,
1493 1151 1644 1192 CXVIII
1663 1150 1818 1206 ἱρωστί,

87 1223 169 1273 XV,
192 1220 242 1264 3:
265 1218 369 1274 νήνι.
412 1221 531 1260 Recte
554 1232 628 1272 pro
654 1216 797 1272 ἑορτήν
816 1219 988 1260 ionicam
1013 1219 1180 1259 sormam
1205 1215 1331 1271 ὁρτήν
1355 1219 1401 1258 fr.
1419 1219 1508 1258 LIII
1525 1220 1696 1260 restituit
1717 1220 1818 1260 Her-

88 1298 285 1340 mannus:
317 1301 447 1342 neque
469 1286 617 1335 ἐκεῖνος
644 1287 825 1327 firmatur
857 1287 934 1326 nisi
960 1287 1251 1339 epigrammatis
1276 1286 1365 1326 loco
1389 1286 1431 1334 V,
1459 1284 1505 1335 1,
1531 1291 1661 1335 κεῖνος
1689 1293 1819 1328 autem

89 1359 139 1400 fr.
153 1357 343 1400 LXXXIV
365 1356 530 1396 dictum.
586 1354 774 1395 Vocabuli
798 1354 924 1395 littera
949 1367 994 1394 ex
1008 1354 1137 1394 ionica
1152 1354 1317 1394 dialecto
1334 1354 1437 1394 aucti
1452 1355 1629 1408 exemplo
1645 1361 1706 1396 est
1721 1352 1821 1395 σκύ-

90 1438 203 1480 πφον
222 1424 352 1473 XCIV,
377 1421 402 1464 1
426 1436 500 1476 pro
525 1418 697 1475 σκύφον.

204 1503 251 1544 In
274 1505 426 1557 primae
450 1501 723 1542 declinationis
747 1501 884 1541 formis
910 1501 988 1540 sere
1019 1501 1166 1554 ubique
1190 1517 1215 1553 η
1240 1513 1313 1554 pro
1340 1490 1372 1541 (Ῑ
1400 1502 1576 1554 positum
1612 1508 1671 1542 est
1704 1515 1821 1555 prae—
1884 1539 1891 1544 .

94 1570 324 1612 cedentibus
348 1570 475 1610 vocali
499 1584 511 1607 ι
537 1574 605 1610 aut
627 1567 841 1620 litterapin
864 1568 1207 1609 nominativo.
1236 1569 1284 1609 cf.
1310 1569 1434 1609 LXX:
1460 1565 1563 1621 λύρη
1587 1569 1756 1618 LXXIX,
1778 1567 1822 1610 1:

97 1636 276 1694 Θρῃκίη,
309 1637 419 1678 XLI:
454 1632 584 1689 κάρη,
619 1637 689 1675 sed
713 1631 843 1688 κούρα
864 1635 1024 1685 LXXX:
1057 1636 1098 1675 in
1123 1636 1360 1688 genitivo
1385 1637 1480 1684 XIV,
1509 1634 1555 1677 1:
1592 1634 1823 1689 Ἀμαλθίης

94 1706 209 1756 XVII,
243 1703 292 1762 2;
328 1703 476 1757 πέτρης
508 1703 652 1743 LXXI:
694 1701 899 1757 Θρῃκιής;
942 1703 983 1743 in
1019 1703 1195 1743 dativo
1226 1704 1303 1752 XV,
1341 1702 1387 1744 1:
1424 1704 1602 1758 σφαίρῃ,
1651 1705 1747 1754 XVI,
1774 1703 1822 1746 3:

94 1769 226 1828 ἂβρῇ,
249 1772 339 1813 XL:
374 1772 567 1824 καθαρῇ,
600 1770 711 1818 XLV,
738 1767 787 1811 2:
808 1769 1001 1824 χειμερίῃ,
1018 1767 1228 1825 χαράδρῃ,
1262 1771 1341 1820 XC,
1366 1769 1415 1812 3:
1443 1772 1483 1810 Γ
1479 1769 1745 1826 αστροδώρῃ;

210 1863 253 1904 in
276 1861 609 1904 accusativo:
633 1860 676 1909 V,
695 1857 743 1900 1:
768 1859 948 1911 Λυδίην,
968 1861 1099 1909 XVIII,
1121 1858 1167 1901 1:
1199 1861 1410 1914 ἐρασμίην,
1445 1862 1600 1903 XLVII:
1629 1862 1824 1916 Θρῃκιήν,

97 1930 267 1980 LXXIX,
290 1926 341 1971 6:
366 1927 627 1980 ἷπποσει’ρην;

208 2010 251 2049 in
273 2007 541 2048 vocativo:
566 2006 627 2055 VI,
653 2003 700 2046 1:
724 2006 917 2059 Σμερδιή,
951 2007 1071 2047 XXV:
1099 2006 1416 2060 καλλιλαμπὲτη,
1446 2009 1624 2051 LXXIX:
1653 2008 1826 2063 Θρῃκίη.

97 2077 146 2117 In
169 2076 404 2129 genitivo
426 2074 589 2128 pluralis
614 2074 784 2114 solutam
808 2074 976 2114 sormam
1002 2088 1118 2122 εων,
1143 2088 1243 2127 quae
1268 2089 1346 2116 una
1365 2076 1511 2129 syllaba
1527 2078 1827 2130 pronunciatur,

98 2155 259 2197 semper
288 2143 463 2183 invenies
495 2142 544 2182 cf.
572 2142 620 2181 fr.
644 2141 709 2190 LI,
733 2138 783 2181 2:
808 2139 1032 2192 Νυμφέων.
1065 2141 1199 2190 LXIX,
1218 2140 1265 2182 3:
1291 2141 1500 2183 Μουσέων
1523 2151 1682 2197 praeter
1704 2158 1829 2186 unum

100 2212 234 2251 locum
258 2223 338 2263 quo
363 2209 453 2249 libri
482 2209 676 2261 praebent
696 2209 876 2248 Σκυθῶν
896 2208 1080 2249 CXXXII.
1128 2209 1278 2250 Eadem
1302 2217 1363 2251 est
1386 2212 1485 2252 ratio
1511 2212 1667 2263 genitivi
1691 2213 1829 2264 singu-

100 2278 202 2325 laris
217 2276 360 2317 Autem
382 2276 482 2325 XLI,
507 2273 534 2316 5
560 2277 608 2316 cl'.
633 2276 807 2329 Hippon.
832 2273 881 2316 9:
906 2272 1122 2316 Αττάλεω.
1171 2276 1211 2315 Γ
1206 2273 1333 2329 ύγεω.’
1364 2275 1442 2319 6οε
1467 2275 1686 2320 δεσπότεω.
1749 2269 1752 2272 ’

218 2355 391 2397 nativi
413 2354 575 2407 pluralis
600 2354 658 2393 vel
684 2366 823 2394 omnes
847 2354 1099 2406 reperiuntur
1122 2356 1226 2408 apud
1243 2356 1531 2397 Anacreontem
1556 2359 1726 2400 formae:
1755 2373 1831 2406 αις

104 2425 153 2466 cf.
177 2423 305 2465 XXII:
331 2417 515 2472 κούραις.
563 2421 702 2461 LXIV:
724 2421 903 2474 μίτραις.
946 2421 1123 2463 LXXXI:
1147 2423 1383 2474 μελαι’ναις;
1418 2437 1565 2464 αισιν
1589 2426 1630 2476 V,
1655 2424 1705 2467 2:
1726 2442 1830 2479 χορ-

102 2491 263 2542 δαῒσινς
289 2504 348 2543 ῃς
368 2490 468 2537 XIX,
494 2487 539 2529 5:
566 2488 691 2543 δίνῃς.
727 2489 869 2529 XLIX:
895 2485 1022 2542 Sim-,-
1042 2505 1130 2543 ῃσι
1150 2491 1251 2539 ΧΙΧ,
1278 2489 1327 2531 5:
1354 2494 1563 2547 πλευρῇσι.
1594 2494 1830 2539 LXXXVIII,

105 2557 257 2612 θύρῃσι
282 2556 451 2610 διξῇσιν.
1616 2606 1621 2612 ·

219 2637 326 2677 Inter
359 2635 557 2676 secundae
591 2634 863 2674 declinationis
897 2636 1044 2676 formas
1080 2636 1176 2676 nihil
1218 2637 1294 2677 nisi
1329 2639 1519 2690 genitivus
1553 2640 1762 2692 singularis
1797 2649 1835 2681 et

107 2705 259 2747 dativus
293 2703 455 2756 pluralis
490 2701 762 2754 respiciendus
797 2707 870 2741 est.
934 2702 1067 2743 Unum
1102 2709 1254 2744 tantum
1294 2711 1419 2746 exstat
1450 2708 1670 2760 exemplum
1702 2709 1836 2761 epicae

106 2773 258 2813 formae
281 2785 342 2811 οιο
366 2770 407 2810 in
430 2769 527 2818 XCI,
555 2766 602 2809 1:
629 2766 812 2820 ὀχανοῒο,
850 2769 944 2809 dum
967 2770 1008 2809 in
1034 2771 1300 2823 septendecim
1324 2773 1423 2813 locis
1448 2775 1603 2826 genitivi
1628 2775 1668 2814 in
1693 2790 1740 2815 ου
1765 2776 1835 2815 de-

11 2830 43 2873 s,
108 2840 257 2880 sinunt.
316 2839 366 2878 At
397 2838 438 2877 in
469 2837 597 2877 dativo
632 2836 794 2888 pluralis
828 2837 895 2876 uni
920 2837 1096 2890 exemplo
1122 2838 1168 2878 fr.
1196 2839 1298 2879 LVI:
1334 2838 1459 2888 ξένοις
1485 2842 1644 2883 obstant
1668 2848 1838 2896 quatuor

110 2904 300 2955 XIX,‘7:
336 2902 554 2956 πόρνοισιν.
612 2903 798 2943 LXXXV:
835 2902 992 2951 ξένοισι.
1041 2906 1162 2955 XCII,
1187 2904 1235 2946 2:
1272 2908 1470 2948 πολλοῖσι.
1518 2909 1623 2949 CIII:
1658 2915 1835 2962 μηροῖσι.

0 2986 28 3030 *g
109 2974 156 3016 In
179 2974 315 3016 tertiae
339 2971 610 3014 declinationis
636 2970 804 3021 genitivo
831 2983 920 3011 vere
944 2972 1113 3014 ionicam
1139 2973 1242 3014 illam
1269 2990 1327 3022 ιος
1353 2975 1518 3015 sormam
1546 2989 1626 3016 non
1651 2977 1835 3025 invenies,
