1910 3268
941 131 997 174 52

106 260 412 300 Wiedemannus
438 271 476 311 p.
511 255 565 298 16
584 257 670 310 ejici
690 257 789 305 vult,
815 264 859 298 ut
892 258 1198 310 interrogatione
1221 258 1423 298 claudatur
1452 271 1629 309 carmen,
1650 260 1720 300 sed
1744 260 1830 300 sine

107 327 183 367 uila
220 339 379 374 caussa3
415 325 650 365 Mehlhornii
672 323 799 378 στέγω
823 337 905 365 non
926 326 1065 378 placet,
1091 326 1321 378 praesertim
1348 339 1438 366 cum
1460 326 1674 367 infinitivus
1699 340 1828 380 appo-

106 395 206 435 situs
235 394 303 443 sit,
350 394 569 443 ἒκσοβῆσαι
607 405 697 432 cum
727 392 928 432 Brunckio
959 393 1166 444 legendum
1200 392 1364 433 videtur.
1399 417 1454 422 ——
1489 394 1657 434 Serioris
1693 395 1830 435 aetatis

105 467 264 515 poetam
300 461 427 512 arguit
458 466 614 512 praeter
653 465 775 500 totam
806 460 1040 501 sententiam
1069 459 1163 500 illud
1194 458 1273 500 ἀπὸ
1301 462 1437 501 κοινοῦ
1461 461 1502 501 in
1527 474 1561 502 v.
1582 461 1742 514 quinto,
1784 461 1833 501 de

103 542 182 582 quo
208 542 327 581 supra
352 527 649 580 disputavimus.

218 597 348 636 Unum
369 600 491 635 restat
511 607 669 635 carmen
694 596 772 636 huc
797 596 1044 635 referendum
1071 592 1203 636 od.46
1215 592 1374 647 (xC-b),
1397 596 1508 649 cujus
1529 601 1698 648 quatuor
1721 595 1831 648 prio—

103 676 166 703 res
186 676 322 703 versus
351 676 442 702 cum
467 662 724 715 sequentihus
751 676 832 703 non
864 669 946 702 arte
978 663 1202 703 cohaerent.
1264 663 1527 715 Posteaquam
1561 663 1666 703 enim
1687 667 1726 702 et
1748 675 1832 703 non

103 743 235 770 amare
260 735 298 770 et
322 743 454 771 amare
478 730 634 770 difficile
660 736 776 783 atque
800 730 1012 770 molestum
1037 743 1146 778 esse,
1190 730 1385 770 difficilius
1411 736 1542 771 autem
1563 736 1602 770 et
1624 731 1782 771 molesti
1812 743 1832 770 s

102 810 190 839 esse
214 798 418 850 professus
445 803 525 845 est,
551 797 585 836 si
606 797 693 850 quis
719 810 855 838 amans
881 810 962 836 non
987 803 1161 846 ametur,
1195 798 1326 838 statim
1347 797 1488 838 transit
1507 804 1624 850 poeta
1649 798 1698 838 ad
1722 811 1744 838 a

100 871 178 905 tem
213 878 325 905 suam
357 865 675 917 vituperandam,
721 865 1009 916 qua-homines
1044 864 1139 904 nihil
1171 865 1247 905 nisi
1268 866 1476 918 pecuniam
1502 871 1698 916 spectent3
1742 877 1831 905 exe-

101 938 233 972 cratur
251 945 353 979 eum,
373 932 439 984 qui
458 932 610 984 primus
627 932 836 983 pecuniam
855 932 1053 980 amaverit,
1070 945 1145 984 qua
1167 933 1295 972 omnis
1313 939 1521 985 parentum
1534 938 1650 984 atque
1668 933 1830 972 fratrum

100 1013 212 1040 amor
233 999 500 1048 subvertatur,
527 1005 703 1038 amantes
728 999 803 1050 ipsi
828 1004 1004 1050 pereant.
1065 999 1247 1038 internus
1278 999 1434 1051 quidem
1466 1012 1599 1039 rerum
1620 1012 1742 1040 nexus
1768 1000 1827 1040 sa·-

100 1067 172 1107 cile
197 1066 437 1118 agnoscitur,
463 1066 631 1118 pecunia
653 1066 757 1105 enim
784 1066 866 1118 ipsa
891 1078 1030 1105 caussa
1053 1071 1124 1113 cst,
1148 1079 1218 1105 cur
1238 1079 1320 1106 non
1342 1073 1525 1106 amentur
1543 1071 1734 1115 amantes,
1762 1066 1830 1106 sed

98 1135 223 1175 oratio
249 1134 365 1173 nimis
390 1132 555 1185 abrupta
579 1138 638 1172 est
659 1134 707 1173 cf.
730 1133 872 1172 Mehlh.
899 1146 938 1184 p.
963 1129 1056 1173 118.
1103 1134 1253 1173 Teuffel
1286 1133 1402 1174 Gens.
1434 1133 1575 1185 Bergk.
1603 1134 1714 1174 Poet.
1734 1133 1826 1186 Lyr.

96 1201 135 1240 in
157 1202 255 1241 Νον.
277 1202 488 1253 Ephemer.
510 1200 625 1240 litter.
658 1201 744 1239 Jen.
767 1200 832 1239 ΙΙΙ.
855 1213 893 1238 n.
919 1197 1004 1240 260
1027 1214 1066 1252 p.
1089 1197 1211 1240 1038.
1247 1201 1372 1253 Atque
1394 1201 1550 1241 Nicetas
1574 1201 1827 1252 Eugenianus

95 1281 128 1308 V.
157 1266 240 1308 142
258 1291 314 1296 ——
337 1265 419 1308 144
440 1268 533 1307 nihil
559 1267 633 1307 nisi
656 1273 829 1320 quatuor
853 1267 1006 1319 priores
1031 1280 1168 1308 versus
1191 1268 1492 1308 circumscribit.
1532 1269 1663 1316 Quare
1683 1268 1724 1307 in
1745 1267 1824 1307 duo

94 1335 245 1375 diversa
271 1336 487 1387 fragmenta
507 1336 584 1375 hoc
606 1334 783 1375 odarium
814 1334 1118 1387 disjungendum
1156 1335 1326 1384 videtur,
1369 1348 1539 1388 quorum
1561 1340 1745 1375 neutrum
1771 1334 1821 1374 ab

92 1403 339 1442 Anacreonte
370 1403 485 1455 plane
524 1402 794 1454 abjudicarim.
857 1403 994 1453 Magna
1032 1402 1135 1442 enim
1170 1403 1227 1442 vis
1264 1416 1353 1442 cum
1381 1415 1535 1442 summa
1570 1401 1821 1454 simplicitate

93 1471 303 1523 conjuncta
329 1475 492 1522 apparet
511 1470 551 1509 in
572 1469 632 1509 iis.
692 1470 828 1521 Neque
854 1469 1063 1508 offensioni
1098 1483 1185 1509 esse
1220 1475 1372 1522 potest,
1407 1470 1512 1522 quod
1539 1468 1684 1522 objecit
1711 1468 1819 1508 Wie-

93 1538 312 1577 demannus
336 1550 375 1589 p.
400 1534 473 1577 11:
500 1537 742 1589 posteriores
764 1549 898 1575 versus
926 1537 974 1576 ad
1000 1549 1082 1576 rem
1105 1537 1365 1577 meretriciam
1394 1536 1551 1585 referri,
1588 1548 1694 1593 quae
1711 1535 1817 1575 Ana-

92 1605 263 1644 creontis
290 1610 414 1644 aetate
442 1605 618 1644 nondum
641 1603 838 1651 floruerit3
880 1616 970 1643 nam
1007 1604 1055 1643 de
1079 1617 1121 1643 re
1146 1604 1365 1644 meretricia
1393 1604 1488 1643 nihil
1516 1603 1666 1643 dictum
1701 1608 1818 1656 atque

92 1673 272 1712 ditiorem
312 1684 478 1724 procum
515 1671 678 1723 pauperi
720 1671 907 1723 praeferri
947 1670 1173 1723 ubicunque
1211 1677 1403 1712 terrarum
1435 1676 1550 1723 atque
1593 1676 1815 1723 temporum

91 1739 276 1778 occurrit.
338 1739 441 1786 Quin
486 1739 620 1778 eadem
652 1738 768 1790 plane
798 1738 989 1778 sententia
1019 1738 1059 1777 in
1094 1739 1310 1790 fragmento
1334 1738 1591 1778 Anacreontis
1616 1737 1819 1778 exhibetur

89 1808 135 1846 sr.
157 1806 281 1846 XXX:
323 1803 415 1845 οὐδ’)
453 1803 627 1858 ἀργυρέη
648 1820 706 1844 κω
726 1802 807 1845 τότ’
842 1802 995 1856 ἔλαμπε
1015 1801 1182 1853 Πειθώ,
1215 1807 1329 1858 cujus
1352 1805 1611 1845 imitationem
1636 1805 1817 1844 Welcker

89 1887 128 1925 p.
163 1869 246 1913 160
275 1879 452 1912 nostram
489 1885 575 1913 esse
610 1873 724 1913 odam
760 1872 932 1925 conjicit.
991 1873 1040 1912 At
1080 1873 1175 1914 mihi
1206 1873 1364 1925 quidem
1394 1885 1444 1912 ne
1474 1872 1625 1923 singula
1656 1871 1813 1924 quidem

88 1940 206 1979 verba
236 1939 428 1992 impedire
461 1940 655 1989 videntur,
692 1940 904 1992 quominus
937 1939 1012 1980 oda
1033 1940 1082 1980 ad
1111 1939 1398 1981 Anacreontem
1441 1939 1572 1991 ipsum
1611 1940 1814 1987 reseratur,

88 2006 319 2059 praesertim
342 2019 431 2046 cum
458 2007 595 2047 Graeci
620 2012 760 2059 poetae
786 1996 824 2046 et
847 2006 975 2046 Latini
1000 2019 1085 2047 eam
1113 2007 1250 2046 imitati
1271 2007 1475 2046 videantur
1505 2019 1592 2046 csse
1613 2006 1660 2045 cs.
1687 2006 1814 2045 Pseu-

89 2073 311 2126 dophocyll.
334 2086 367 2112 v.
388 2070 443 2113 35
469 2087 527 2126 sq.
553 2074 694 2124 Bergk.
721 2073 811 2126 Lyr.
840 2074 906 2113 Gr.
930 2087 969 2125 p.
995 2071 1080 2114 344
1101 2075 1149 2114 de
1173 2086 1292 2114 auro:

359 2142 429 2179 σεῦ
450 2138 527 2192 γὰρ
549 2139 658 2180 ἕκατι
676 2137 806 2192 μάχαι
826 2155 867 2180 τε
888 2139 1092 2191 λεηλασίαι
1117 2155 1159 2180 τε
1183 2137 1302 2195 φόνοι
1326 2155 1365 2180 τε

360 2206 490 2260 ἐχθρὰ
515 2206 557 2246 de*
578 2205 697 2247 τέκνα
721 2211 901 2260 γονεῦσιν
922 2206 1129 2261 ἀδελφειοί
1146 2222 1186 2246 τε
1207 2207 1456 2259 συναίῃιοις,

91 2276 139 2314 cs.
166 2275 416 2325 Propertium
438 2281 476 2314 et
496 2275 579 2314 aliis
602 2276 642 2314 in
666 2275 763 2315 locis
790 2280 828 2314 et
845 2275 912 2323 111,
940 2272 1005 2324 11,
1031 2272 1104 2315 48:

565 2354 702 2381 aurum
727 2355 865 2382 omnes
889 2364 945 2371 --
965 2342 1111 2391 colunt,

495 2421 591 2447 auro
618 2410 731 2461 pulsa
751 2410 860 2457 fides,
887 2421 982 2448 auro
1004 2408 1152 2448 venalia
1169 2409 1271 2461 jura,

495 2488 634 2515 aurum
654 2476 714 2516 lex
737 2476 926 2528 sequitur.

87 2541 271 2581 Forsitan
303 2541 397 2581 illud
428 2537 577 2593 τρόπυς
613 2544 661 2583 ad
697 2543 821 2596 σοφίη
857 2543 1083 2596 appositum
1119 2543 1279 2582 serioris
1300 2542 1435 2582 aetatis
1463 2547 1600 2594 arguat
1633 2554 1814 2591 carmem

89 2621 170 2648 non
192 2608 295 2648 enini
316 2608 477 2649 memini
498 2609 697 2650 bonorum
720 2623 876 2650 morum
897 2610 1202 2661 significatione,
1235 2623 1334 2662 quae
1360 2615 1419 2648 est
1439 2609 1478 2648 in
1505 2610 1580 2648 hoc
1601 2608 1711 2657 loco,
1749 2621 1813 2648 me

89 2676 215 2726 legere
240 2675 315 2714 hoc
342 2675 575 2716 vocabulum
601 2677 639 2716 in
666 2677 782 2716 bonis
805 2677 1079 2729 scriptoribus.
1548 2688 1550 2691 ·
1572 2672 1573 2675 '
