1910 3268
0 2048 42 2336 t-zffitQJ-ss¹÷;kp·1-gss}3³÷·³-
22 2005 46 2015 ,ἶ
17 1939 31 1986 v

22 2422 31 2441 ,-
14 2349 36 2407 ,Σμῆ-

865 187 1067 257 *6-3-

107 317 280 370 genuino
294 322 424 363 autem
435 315 632 354 venditare
640 315 717 354 hoe
729 315 920 364 odai-ium,
941 314 1047 366 quod
1059 314 1150 354 t'ecit
1161 313 1425 353 Schneiderus
1437 312 1459 353 ?
1484 314 1636 354 Pawius
1648 313 1825 365 spurium
1872 346 1876 350 .

101 383 290 438 iudicavit
320 395 479 423 carmen
510 382 580 422 sed
609 394 771 422 caussas
802 394 883 421 non
909 381 1075 430 addidit,
1101 386 1237 421 contra
1264 394 1354 421 eum
1379 386 1510 420 tuetur
1533 381 1827 433 Peerlkampius

104 465 145 504 p.
173 446 256 492 167
288 450 387 490 locis
418 449 492 489 illis
524 462 604 489 non
631 449 833 501 inspectis.
884 449 1152 505 Melilhornius
1175 448 1291 488 Anth.
1312 462 1351 500 p.
1376 446 1430 488 14
1450 449 1551 488 inter
1580 461 1623 488 ea
1655 448 1825 500 reponit,

105 531 208 572 quae
227 514 303 558 aut'
321 516 500 556 breviora
526 516 604 556 sint
624 528 740 568 quam
767 521 811 555 ut
835 521 942 555 certo
964 515 1011 554 de
1036 516 1083 555 iis
1106 516 1274 568 judicari
1291 515 1431 568 possit,
1458 521 1526 555 aut
1542 515 1630 567 plus
1650 515 1827 554 minusve

107 598 130 626 a
155 584 417 637 genuinorum
437 583 656 635 simplicate
682 587 720 622 ct
742 583 897 635 poetica
917 583 953 622 vi
973 584 1173 623 recedunt.
1197 583 1237 622 Si
1254 583 1371 622 verba
1393 582 1576 623 carminis
1602 587 1827 634 spectamus

106 643 147 692 et
179 651 366 692 articulus
401 657 490 691 ante
521 649 692 702 μέλαιια
728 651 900 690 omissus
936 655 974 689 et
1007 648 1135 698 αὐτην
1169 663 1240 702 pro
1266 653 1340 702 γῆν
1365 650 1562 702 positum,
1599 649 1829 701 praesertim

54 763 56 768 ,
108 731 198 759 eum
230 718 334 759 nulla
366 731 506 758 caussa
541 717 653 767 adsit,
681 724 723 756 ut
748 722 890 756 terram
922 719 1051 773 ipsam
1076 717 1346 769 disjungamus
1371 730 1391 757 3
1422 717 1560 765 rebus,
1595 729 1695 768 quae
1729 729 1826 755 con-

79 786 264 838 Junctae
288 790 381 825 sunt
405 797 495 824 cum
520 798 577 832 ea,
602 784 697 823 honi
723 784 927 835 scriptoris
952 789 1068 836 atque
1092 790 1233 836 poetae
1258 796 1339 823 non
1364 790 1436 823 est.

909 927 947 981 ς.
983 927 1024 969 4.
1440 940 1469 964 ..

381 1029 536 1063 Carmina
562 1030 595 1062 in
621 1029 754 1072 quibus,
780 1040 865 1073 quae
892 1040 1004 1062 senem
1030 1029 1199 1062 delectent
1223 1039 1297 1069 res,
1324 1034 1559 1072 proponuntur.

224 1143 510 1184 Anacreontem
535 1155 661 1195 usque
689 1143 734 1183 ad
768 1155 964 1183 summam
985 1147 1227 1183 senectutem
1253 1143 1426 1183 carmina
1449 1143 1640 1182 Amorum
1664 1143 1830 1183 Bacchi-

111 1224 188 1264 que
221 1210 337 1264 plena
365 1210 572 1263 pepegisse
607 1215 646 1249 et
680 1223 724 1250 ex
763 1210 990 1261 fragmentis
1024 1215 1188 1262 apparet
1231 1210 1278 1250 cf.
1315 1210 1360 1250 fr.
1396 1210 1472 1250 XV.
1508 1210 1610 1250 LXX
1641 1216 1678 1250 et
1711 1210 1831 1250 totius

112 1278 353 1331 antiquitatis
384 1277 666 1318 acclamatione
700 1277 976 1326 confirmatur,
1022 1290 1103 1317 non
1133 1277 1238 1317 enim
1268 1277 1379 1317 facile
1413 1278 1530 1317 alium
1565 1279 1761 1317 finxerunt
1794 1283 1833 1317 et

113 1345 290 1386 statuarii
314 1350 353 1384 et
375 1350 515 1397 poetae
537 1345 825 1384 Anacreontem
849 1339 925 1385 nisi
950 1358 1084 1385 senem
1120 1345 1168 1385 cf.
1192 1345 1340 1384 Welck.
1373 1345 1487 1385 Cens.
1522 1358 1562 1397 p.
1591 1342 1686 1385 150.
1748 1344 1830 1385 Ob·-

113 1412 332 1452 servations
357 1425 410 1452 on
433 1412 499 1451 the
520 1412 664 1463 figures
691 1412 734 1451 of
753 1412 958 1452 Anacreon
981 1413 1056 1452 and
1080 1413 1141 1452 his
1167 1412 1244 1463 dog
1268 1412 1582 1452 communicated
1606 1412 1656 1465 by
1676 1412 1834 1452 Samuel

111 1477 231 1520 Birch
262 1479 358 1532 Esq.
393 1478 520 1519 Lond.
554 1475 679 1520 1845.
737 1480 869 1527 Quare
901 1479 1008 1532 quod
1041 1479 1143 1519 inter
1174 1482 1444 1520 Anacreontea
1477 1493 1634 1532 quoque
1668 1485 1831 1528 exstent,

63 1540 69 1544 ⁴
114 1543 214 1599 quae
238 1559 373 1586 senem
397 1546 684 1587 Anacreontem
709 1547 910 1598 jocantem
934 1546 1050 1586 nohis
1075 1552 1321 1599 proponant,
1368 1560 1448 1586 non
1473 1547 1716 1587 mirabimur.
1776 1547 1833 1587 Ea

54 1641 58 1644 -
112 1619 242 1654 autem
267 1613 307 1653 in
333 1613 518 1653 omnibus
553 1605 632 1653 fere
652 1614 755 1653 inest
778 1613 988 1662 sententia,
1025 1621 1069 1654 ut
1100 1627 1178 1666 quo
1212 1614 1378 1666 propius
1412 1615 1499 1667 quis
1525 1614 1627 1655 absit
1651 1629 1672 1654 a
1693 1620 1833 1663 morte,

110 1681 158 1720 eo
178 1680 302 1732 magis
325 1681 425 1721 vitae
445 1681 591 1721 deliciis
617 1679 796 1733 gaudere
810 1680 960 1721 debeat.

223 1792 401 1832 Primum
421 1793 500 1833 huc
518 1793 766 1833 referendum
789 1799 848 1833 est
866 1806 1030 1833 carmen
1057 1793 1308 1833 undecimum
1334 1793 1402 1846 (M.
1425 1790 1500 1847 ς’),
1542 1795 1647 1846 quod
1672 1799 1837 1846 propter

109 1857 300 1911 ἀφέλειαν
319 1858 424 1900 illam
448 1855 569 1913 λόγου
585 1866 622 1899 et
640 1860 927 1913 jucunditatem
953 1873 1033 1900 non
1047 1860 1264 1913 quaesitam
1288 1861 1379 1901 inde
1405 1862 1637 1914 aStephano
1662 1861 1720 1900 vel
1746 1873 1834 1900 om-

111 1926 219 1966 nium
246 1931 284 1967 et
316 1927 543 1967 criticorum
575 1932 614 1967 et
642 1933 851 1980 poetarum
883 1928 1018 1968 laudes
1046 1927 1145 1967 tulit.
1204 1928 1490 1980 Proponuntur
1521 1929 1704 1968 mulieres
1728 1928 1834 1968 Ana-

113 1993 263 2034 creonti
299 1992 550 2046 objicientes,
596 1996 702 2047 quod
739 1994 863 2034 comis
891 1994 975 2047 jam
1008 1994 1218 2034 destitutus
1253 1995 1304 2035 sit
1338 1996 1523 2048 calvaque
1564 1997 1664 2036 sacta
1706 1995 1831 2035 frons.

61 2052 95 2084 ἔ
110 2060 246 2100 Crines
267 2073 355 2100 sese
378 2074 460 2100 non
485 2074 622 2102 curare
651 2061 882 2114 respondet,
928 2062 997 2101 sed
1029 2062 1069 2101 id
1092 2075 1216 2101 unum
1241 2068 1419 2114 spectare
1442 2068 1486 2102 ut
1519 2063 1602 2102 seni
1637 2075 1683 2101 eo
1709 2062 1835 2113 magis

105 2127 320 2179 jocandum
345 2128 407 2177 sit,
429 2141 507 2180 quo
528 2129 694 2181 propius
720 2143 741 2168 a
766 2134 894 2168 morte
918 2129 1032 2169 absit.
1058 2150 1113 2157 —-
1147 2130 1380 2181 Quanquam
1407 2142 1534 2181 neque
1558 2130 1710 2170 dialecti
1734 2130 1835 2169 ratio

109 2206 237 2247 neque
274 2194 389 2234 metri
421 2195 595 2247 impedit,
621 2195 833 2248 quominus
870 2197 917 2236 ad
942 2196 1228 2235 Anacreontem
1262 2195 1392 2247 ipsum
1423 2197 1660 2245 referamus,
1704 2203 1835 2236 tamen

109 2273 172 2300 res
197 2260 378 2305 universa
403 2267 554 2302 tantum
580 2262 784 2314 proposita
809 2268 889 2311 est3
919 2262 1014 2301 nihil
1039 2263 1088 2302 ad
1112 2262 1229 2302 vitam
1254 2262 1381 2314 ipsam
1405 2268 1567 2315 poetae,
1610 2264 1658 2304 ad
1683 2276 1834 2315 oppro-

113 2324 243 2368 b'rium
270 2327 318 2368 ab
340 2334 469 2369 amata
492 2329 622 2381 puella
646 2330 790 2369 sactum
821 2330 1011 2382 pertinet3
1043 2330 1115 2369 alia
1139 2330 1255 2381 plane
1280 2334 1340 2369 est
1359 2330 1516 2381 genuini
1541 2331 1747 2382 fragmenti
1771 2330 1836 2370 XV

109 2394 232 2443 ratio,
268 2394 336 2435 ubi
359 2395 502 2436 Lesbia
525 2396 655 2448 puella
678 2393 951 2448 τὴν-κόμην,
987 2394 1107 2448 λευκὴ
1128 2395 1204 2448 γὰρ
1230 2396 1560 2449 καταμέμφεταις
1594 2410 1721 2450 neque
1741 2410 1835 2437 sen—

109 2461 228 2503 tiendi
250 2462 351 2502 ratio
377 2463 560 2503 convenit
584 2463 618 2502 ei
642 2469 800 2515 poetae,
844 2465 910 2516 qui
935 2465 980 2503 fr.
1009 2463 1094 2503 XLI
1119 2464 1263 2516 ejulare
1294 2477 1336 2503 se
1362 2465 1570 2504 Tartarum
1596 2470 1835 2505 metuentem

110 2529 328 2580 profitetur.
389 2531 498 2578 Quae
528 2542 619 2569 cum
650 2530 702 2571 ita
732 2531 833 2579 sint,
869 2543 914 2570 ex
937 2530 1043 2571 bona
1069 2531 1281 2571 admodum
1307 2535 1431 2570 aetate
1457 2531 1647 2582 originem
1673 2531 1836 2571 traxisse

30 2599 50 2632 25⁴
110 2607 268 2635 carmen
293 2596 484 2646 existimo,
511 2609 593 2636 non
619 2610 664 2636 ex
682 2597 929 2638 Anacreonte
953 2598 1055 2650 ipso.
1117 2597 1331 2637 Caveamus
1358 2598 1466 2637 ‘enim
1492 2603 1648 2649 oportet
1671 2610 1721 2637 ne
1745 2611 1835 2637 cum

111 2662 315 2708 Welckero
340 2663 456 2703 Gens.
481 2678 520 2716 p.
547 2661 630 2704 303
654 2670 834 2704 nostrum
861 2677 1020 2704 carmen
1043 2669 1137 2716 post
1158 2664 1339 2704 Palladae
1364 2665 1605 2717 epigramma
1629 2666 1673 2705 A.
1699 2665 1743 2704 Ρ.
1769 2665 1833 2713 Xl,

111 2725 167 2769 54
188 2742 386 2782 ponamus
421 2731 527 2770 nulla
559 2730 632 2771 alia
664 2730 711 2770 de
736 2743 877 2772 caussa
902 2744 1020 2783 quam
1050 2732 1142 2771 hac:
1194 2732 1328 2777 „devm
1349 2732 1424 2772 das
1448 2731 1676 2783 Epiyra-mm
1699 2734 1752 2771 ist
1776 2731 1840 2771 die

70 2805 73 2809 ’
112 2794 367 2837 hemo-hendo
389 2797 574 2838 Dichtart
602 2798 671 2838 der
700 2803 862 2850 spdtem
884 2798 978 2839 Zeit.
995 2803 1023 2819 “
1082 2799 1180 2838 Illud
1216 2799 1320 2838 enim
1352 2804 1486 2851 aperta
1515 2798 1744 2838 imitationis
1770 2811 1835 2837 ve—

115 2862 228 2914 stigia
247 2863 435 2917 praebet:
473 2862 520 2904 τὸ
553 2862 704 2918 τερπνὰ
735 2864 887 2913 παίζειν
919 2878 1061 2918 magna
1094 2865 1306 2905 verborum
1341 2865 1456 2906 turba
1490 2871 1655 2916 augetur
1694 2870 1738 2904 ut
1756 2866 1836 2904 fiat:

44 2923 47 2928 ”
95 2925 300 2979 ἐὖόδμοις
323 2930 368 2971 δὲ
390 2927 557 2985 μύροισι
586 2931 651 2971 καὶ
677 2928 907 2978 εὐπετάλοις
931 2929 1163 2986 στεφάνοισι
1189 2931 1254 2972 καὶ
1281 2931 1448 2986 Βρομίῳ
1473 2929 1592 2971 παύω
1616 2930 1839 2985 φροντίδας

13 3027 28 3062 ι,
109 2993 325 3048 ἀργαλέας.
