1910 3268
129 266 265 305 theton
292 261 512 310 λευκόπους
534 279 577 305 ex
600 254 750 305 Orestis
776 266 909 304 surore
939 260 1211 316 explicandum
1234 277 1321 304 esse
1347 251 1452 305 recte
1481 266 1690 315 vlderunt3·
1710 266 1855 307 nihilo-

126 333 256 372 minus
287 333 327 371 in
360 332 449 384 ipso
482 344 679 371 consensu
711 331 905 371 dissensio
945 322 1138 383 quaedam
1164 337 1245 380 est;
1271 332 1539 373 Mehlhornius
1568 345 1658 373 cum
1696 332 1781 373 aliis
1803 333 1856 376 de

111 400 241 440 ‘nudis
267 399 434 452 pedibus
461 399 538 437 dici
562 404 694 451 putat,
729 398 872 450 quibus
893 403 1056 438 utantur
1075 398 1236 448 furiosi3
1269 399 1450 439 Welcker
1471 413 1512 452 p.
1532 397 1731 442 288i11ud
1755 413 1856 448 πους

126 467 165 506 in
196 468 274 506 fine
303 466 477 518 positum
514 478 672 504 omnem
708 467 788 504 scre
830 463 908 504 vim
940 465 1142 505 amississe
1172 471 1348 506 statuens
1386 465 1504 519 (quae
1533 467 1662 507 attulit
1681 467 1857 519 exempla

126 537 280 583 λαῖπος,
307 529 522 581 καλόπους,
550 530 733 583 ἀρτίπος,
760 529 986 584 λαγοί-παυς,
1006 528 1126 583 νόμοι
1143 528 1355 583 ἱψίποὸες,
1373 530 1620 586 τυφλόπους,
1640 534 1855 583 &alh-zore,

76 636 80 640 ,
126 601 235 641 exiis
258 615 357 647 ποι-ς
381 600 496 652 plane
524 599 698 639 otiosum
725 612 813 640 esse
832 599 994 641 minime
1016 598 1223 652 evincitur)
1246 613 1496 652 exsanguem,
1522 601 1711 655 pallidum
1731 601 1853 654 expil-

126 675 200 708 cat.
262 667 355 707 Mihi
386 667 543 719 quidem
576 667 811 706 Mehlhornii
840 667 1033 707 sententia
1063 668 1318 720 praeferenda
1348 664 1517 717 videtur⁷
1547 664 1636 709 cu'm
1661 668 1855 708 Welckeri

127 748 206 775 non
227 735 352 775 firmis
373 735 614 786 argumentis
637 735 795 775 nitatur.
861 735 939 775 Sed
965 735 1121 786 longius
1149 735 1232 788 jam
1254 736 1402 787 evagati
1426 732 1564 776 sumus
1590 749 1635 776 ex
1654 749 1722 785 eo,
1749 735 1855 788 quod

129 802 246 842 nobis
275 808 343 842 aut
368 801 711 854 comprobandum
740 807 808 842 aut
835 802 1089 842 abnuendum
1113 802 1410 854 proposuimus,
1442 816 1537 843 num
1571 803 1613 843 in
1633 799 1856 849 λευκόπους
1900 856 1904 859 -

124 871 242 921 igitur
267 875 416 909 certum
443 870 641 922 quoddam
663 869 886 921 tragoediae
907 869 1112 920 vestigium
1138 875 1343 922 appareat,
1376 871 1483 923 quod
1513 870 1587 910 etsi
1622 873 1765 922 negare
1785 870 1854 910 de-

125 938 283 985 bemus,
330 937 585 976 nihilominus
621 937 840 988 tragoedias
872 943 1013 989 poetae
1046 937 1273 976 obversatas
1309 937 1430 977 fuisse
1460 950 1505 978 ex
1538 938 1635 990 ipsis
1665 937 1854 989 exemplis
1904 985 1910 989 ,

125 1004 249 1045 allatis
269 1004 478 1043 verisimile
503 1009 575 1044 est.
626 1004 755 1056 Atque
780 1003 899 1044 nimia
926 1003 1202 1043 concinnitatis
1228 1004 1482 1053 consectatio,
1504 1017 1603 1057 quae
1627 1004 1668 1044 in
1691 1003 1854 1057 paribu's

127 1073 294 1111 heroum
315 1071 537 1119 afferendis,
560 1071 599 1110 in
628 1076 706 1110 tota
732 1070 916 1111 carminis
939 1070 1198 1122 dispositione
1228 1076 1411 1123 apparet,
1449 1071 1573 1112 aliena
1600 1077 1660 1112 est
1678 1071 1726 1112 ab
1746 1070 1853 1111 Ana-

126 1146 304 1188 creonte,
333 1139 395 1178 cui
426 1151 476 1177 ne
510 1138 596 1177 illos
632 1138 789 1190 quidem
805 1129 974 1177 ⁸versus:
1010 1135 1087 1189 ἐγὼ
1112 1137 1155 1177 δὲ
1178 1138 1335 1189 μηδένα
1360 1135 1476 1188 κτὰς,
1502 1135 1606 1178 πιὼν
1629 1137 1654 1177 δ
1677 1135 1857 1191 ἐρυθρὸν
1887 1160 1892 1164 -

128 1203 236 1246 οἶνον
262 1206 356 1247 satis
381 1206 538 1258 ineptos
563 1205 861 1258 adscripserim3
896 1206 937 1245 in
971 1205 1197 1246 universum
1225 1206 1330 1245 enim
1357 1206 1508 1246 fabulas
1535 1206 1620 1246 illas
1655 1210 1873 1254 cruentas„

125 1288 226 1327 quae
250 1274 325 1314 nisi
350 1272 560 1313 maximam
586 1273 971 1312 commiserationem
992 1285 1074 1312 non
1095 1278 1266 1322 movent,
1290 1274 1331 1313 in
1351 1274 1439 1313 lusu
1467 1273 1639 1325 quodam
1659 1272 1854 1313 Bacchico

126 1343 265 1382 afferre
289 1340 422 1393 potius
449 1340 691 1391 grammatici
713 1353 800 1379 esse
826 1353 944 1392 quam
968 1345 1109 1392 poetae
1128 1341 1255 1392 lyrici,
1286 1341 1334 1380 ad
1357 1353 1514 1381 carmen
1539 1341 1607 1381 XX
1634 1337 1735 1394 (aff)
1761 1352 1854 1393 per-

125 1409 338 1462 speximus.
400 1408 509 1456 Quae
537 1420 626 1447 cum
652 1407 705 1447 ita
729 1408 819 1457 sint,
846 1408 1070 1461 abjudicare
1102 1420 1261 1448 carmen
1285 1408 1521 1448 Anacreonti
1554 1421 1644 1448 cum
1668 1408 1854 1460 Wolpero

126 1483 164 1517 et
186 1476 468 1516 Wiedemanno
491 1488 571 1515 non
594 1475 729 1515 dubito
752 1482 996 1528 repugnante
1016 1475 1234 1524 Weickero,
1261 1476 1327 1527 qui
1347 1476 1387 1515 in
1410 1488 1567 1515 carmen
1585 1476 1674 1516 XIII
1696 1487 1854 1533 omnem

126 1544 355 1584 imitationis
383 1544 539 1596 culpam
561 1543 738 1592 contulit,
765 1548 803 1582 et
822 1542 1082 1591 Mehlhorni0‚
1109 1543 1175 1595 qui
1201 1542 1241 1581 in
1262 1543 1420 1583 Anthol.
1448 1543 1517 1595 lyr.
1539 1556 1579 1595 p.
1604 1540 1632 1583 6
1663 1542 1852 1591 secunde,

128 1624 245 1664 quem
272 1610 494 1659 constituit,
529 1611 747 1650 carminum
777 1611 903 1651 ordini
935 1610 1164 1663 adscripsit3
1195 1610 1359 1650 forsitan
1394 1611 1549 1663 utrique
1582 1610 1746 1651 carmini
1783 1622 1851 1662 ge-

126 1679 293 1718 nuinum
317 1678 576 1718 Anacreontis
606 1691 763 1718 carmen
792 1679 1044 1731 suppositum
1072 1679 1205 1728 fuerit,
1233 1678 1339 1731 quod
1371 1678 1588 1718 imitatores
1613 1678 1718 1718 varie
1739 1689 1851 1717 exor-

125 1746 276 1795 narint3
301 1746 557 1785 nihilominus
586 1759 745 1785 carmen
764 1746 852 1786 XIII
877 1758 1035 1799 semper
1054 1745 1088 1785 si
1113 1759 1202 1786 cum
1225 1745 1399 1786 carmine
1418 1745 1539 1786 XXXI
1560 1757 1850 1798 comparamus,

126 1814 287 1867 majoris
314 1813 553 1865 antiquitatis
574 1813 746 1865 palmam
771 1814 879 1853 feret.

239 1882 296 1921 Ex
315 1893 447 1920 rerum
460 1887 597 1920 natura
607 1880 870 1933 potarelicere
888 1880 1123 1933 comprobat
1135 1880 1257 1920 odarii
1277 1880 1557 1920 undevicesimi
1573 1876 1677 1931 (na')
1689 1885 1852 1929 auctor3

125 1961 216 1989 cum
237 1954 340 1988 terra
361 1948 482 1997 bibat,
508 1954 652 1988 terram
672 1947 812 1987 bibant
838 1948 1023 1997 arbores,
1049 1961 1158 1988 mare
1179 1960 1308 1996 auras,
1344 1948 1403 1987 sol
1438 1960 1559 1997 mare,
1586 1948 1710 1987 solem
1734 1947 1848 1996 luna,

123 2016 261 2068 quidni
284 2016 399 2055 liceat
415 2022 556 2068 poetae
582 2028 740 2068 quoque
767 2014 936 2055 bibere?
960 2016 1094 2055 Primo
1117 2015 1273 2068 quidem
1295 2020 1458 2067 aspectu
1484 2014 1671 2055 continua
1696 2015 1850 2055 videtur

125 2095 255 2123 rerum
277 2095 365 2122 sese
391 2083 665 2135 excipientium
681 2083 816 2132 series,
850 2084 919 2122 sed
939 2096 1052 2122 versu
1084 2082 1198 2122 tertio
1231 2082 1278 2122 ab
1310 2081 1519 2121 arboribus
1546 2081 1678 2122 statim
1703 2082 1850 2123 transit

123 2155 240 2203 poeta
267 2151 314 2190 ad
326 2163 454 2199 auras,
478 2155 555 2198 aut,
586 2150 860 2190 siMehlhornii
874 2152 1141 2203 conjecturam
1162 2149 1375 2201 sequimur,
1398 2149 1447 2188 ad
1467 2154 1678 2198 torrentes,
1701 2149 1846 2202 quibus

125 2218 253 2257 alatur
275 2230 395 2257 mare.
422 2217 472 2256 At
493 2230 589 2256 num
607 2218 866 2258 Anacreontis
887 2223 1012 2258 aetate
1035 2218 1133 2257 haec
1151 2222 1231 2256 tota
1244 2217 1291 2256 de
1316 2217 1399 2256 sole
1423 2215 1629 2256 humidum
1655 2228 1764 2256 mare
1785 2215 1847 2256 bi-

123 2284 242 2325 bente
269 2292 385 2338 atque
401 2285 493 2324 luna
504 2285 633 2325 lucem
655 2298 676 2324 a
691 2280 774 2324 sole
785 2291 989 2326 mutuante
1010 2285 1188 2324 doctrina
1209 2277 1290 2323 11611
1311 2284 1430 2323 modo
1452 2283 1732 2335 aphilosophis
1750 2295 1848 2335 pro-

123 2351 200 2392 lata
219 2358 302 2392 erat
315 2353 384 2392 sed
409 2352 524 2392 etiam
542 2353 591 2392 ad
602 2352 738 2404 populi
761 2352 940 2392 notitiam
960 2358 1202 2404 pervenerat,
1225 2363 1341 2403 quam
1363 2350 1401 2389 in
1419 2350 1491 2389 levi
1513 2349 1648 2390 odario
1672 2362 1848 2389 comme-

122 2425 314 2460 moratam
341 2420 471 2460 statim
492 2419 975 2470 intelligerenthomines?
1004 2419 1163 2458 Minime
1192 2418 1387 2470 gentium,
1419 2416 1575 2456 duobus
1599 2418 1680 2456 fere
1703 2416 1848 2456 seculis
1908 2406 1910 2442 Ϊ

122 2493 216 2539 post
235 2500 279 2527 ex
305 2487 530 2527 Stoicorum
552 2499 619 2526 ore
639 2487 785 2539 prodiit
810 2487 856 2527 cs.
889 2487 968 2526 Cic.
990 2487 1037 2526 de
1052 2492 1132 2526 nat.
1159 2486 1267 2525 deor.
1286 2485 1333 2534 11,
1364 2482 1417 2524 15
1442 2482 1666 2534 (Cleanthes
1686 2483 1847 2523 Stoicus
1908 2496 1910 2504 ·

122 2553 309 2605 profert):
343 2567 468 2603 „cum
490 2555 549 2594 sol
573 2555 711 2605 igneus
723 2555 775 2594 sit
799 2555 1024 2607 Oceanique
1044 2554 1170 2593 alatur
1184 2552 1462 2592 humoribus.“
1488 2550 1589 2590 Plut.
1616 2551 1664 2590 de
1685 2550 1784 2590 facie
1805 2550 1846 2590 in
1908 2603 1910 2618 Ι

123 2620 219 2660 orbe
239 2621 356 2660 lunae
381 2634 414 2660 c.
435 2621 483 2660 IV
503 2635 542 2673 p.
564 2618 649 2660 940
673 2621 733 2660 ed.
758 2621 838 2670 Fr„
865 2621 932 2661 ubi
945 2622 1062 2661 lunae
1083 2626 1264 2660 naturam
1279 2619 1396 2659 asole
1415 2618 1532 2671 plane
1543 2617 1736 2657 diversam
1758 2628 1846 2672 esse

122 2688 349 2740 profitetur,
382 2689 479 2728 haec
500 2689 626 2728 addit:
663 2687 838 2740 πέφυκεν
859 2687 986 2740 (luna)
1013 2686 1118 2727 ἀλλὰ
1144 2687 1209 2726 καὶ
1239 2685 1313 2739 τὴν
1339 2683 1404 2725 ἀπ’
1434 2685 1581 2725 ἐκείνου
1604 2680 1846 2737 θερμότητα

121 2754 405 2808 καθυγραίνειν
428 2755 494 2794 καὶ
519 2752 771 2807 καταψύχειν
798 2755 1131 2807 προσπίπτουσαν
1157 2752 1263 2808 αὐτῇ
1287 2755 1353 2793 καὶ
1383 2750 1732 2804 συμμιγνυμέιήνς
1763 2762 1845 2791 non

122 2822 173 2861 ita
190 2822 315 2862 multo
336 2827 448 2874 post:
487 2822 554 2862 καὶ
574 2820 652 2875 γὰρ
675 2819 801 2873 αῧτὴν
817 2820 892 2873 τὴν
911 2819 1084 2874 σελήνην
1105 2819 1238 2874 ὥσπερ
1258 2818 1330 2860 τὸν
1347 2817 1580 2872 ἣλιον-ἀπὸ
1605 2820 1687 2858 τῶν
1711 2813 1846 2871 ὗγριῦν
1896 2845 1903 2862 -;

121 2889 221 2942 φασὶ
242 2892 323 2928 τῶν
336 2888 482 2942 ἐπὶτῆς
500 2893 574 2943 γῆς
598 2889 837 2942 τρέφεσθαι.
859 2890 962 2938 Quid
974 2894 1103 2929 autem
1116 2888 1272 2941 neptius
1299 2887 1461 2939 cogitari
1482 2891 1741 2939 potestquam
1753 2884 1843 2937 phi·

120 2957 380 3009 losophorum
404 2958 515 2997 locos
544 2957 674 3006 citare,
703 2957 769 3009 qui
794 2956 926 2997 multis
956 2956 1098 2996 seculis
1127 2962 1219 3007 post
1244 2955 1530 2994 Anacreontem
1559 2953 1744 3000 vixerunt,
1771 2963 1844 3004 pro
1894 2987 1895 2990 ,
