1962 3216
986 136 1014 178 2

140 272 219 311 sere
244 279 462 322 occupasse
485 268 617 307 locum
641 262 857 318 praedicat,
895 274 946 301 an
969 262 1093 302 multo
1119 262 1257 301 seriori
1282 262 1397 302 aetati
1421 261 1661 313 diversisque
1685 261 1859 301 homini-

140 338 215 379 bus
241 334 500 378 adscribenda
524 333 737 379 videantur,
763 343 853 370 mox
877 334 971 382 post
988 329 1200 369 editionem
1215 342 1237 368 3
1257 328 1456 381 Stephano
1483 330 1624 375 factam
1639 327 1860 384 quaesitum

141 411 213 446 est.
269 403 430 449 Primus
462 401 619 454 quidem
651 397 794 438 exstitit
817 396 1088 444 Romaanus,
1117 397 1178 436 vir
1207 408 1296 435 vere
1322 385 1510 445 criticus,
1531 396 1598 449 qui
1622 396 1663 437 in
1686 396 1788 436 libro
1813 395 1862 435 de

141 473 295 513 ratione
320 469 461 520 corrig.
476 482 515 520 p.
530 463 587 509 26
611 466 671 505 ed.
698 465 830 505 Patav.
853 462 963 505 1557
986 463 1056 504 ubi
1083 463 1272 516 Stephani
1296 463 1488 503 incuriam
1513 463 1555 503 in
1580 462 1860 516 manuscriptis

142 537 355 580 tractandis
401 535 625 587 vituperat,
661 533 760 573 haec
812 531 943 572 omnia
995 531 1169 572 earmina
1209 531 1305 570 nihil
1344 530 1420 570 nisi
1460 530 1633 570 insulsos
1668 529 1862 583 quosdam

142 603 374 660 posterioris
406 602 489 643 aevi
519 602 630 641 lusus
663 612 751 640 esse
781 601 986 653 professus
1017 604 1095 648 est3
1131 611 1292 640 caussas
1319 611 1401 638 non
1426 597 1573 638 addidit
1596 598 1659 638 ille
1684 610 1729 637 ex
1751 609 1863 637 more

143 673 301 721 aetatis,
334 671 374 711 in
412 683 488 722 qua
518 681 591 722 pro
618 667 762 721 insigni
786 667 1025 720 antiquitatis
1064 666 1290 719 cognitione
1314 671 1502 719 rectoque
1527 666 1608 705 veri
1632 678 1679 706 ac
1706 663 1864 718 genuini

143 754 264 781 sensu
287 752 377 779 vera
403 737 534 777 statim
566 734 904 787 amplectebantur
927 740 965 774 et
988 734 1151 775 audacia
1181 734 1349 786 quadam
1379 734 1556 786 proferre
1586 745 1668 773 non
1700 736 1864 773 cuncta-

143 809 300 856 bantur,
327 806 442 845 etiam
469 805 503 844 si
527 803 770 854 singularum
796 815 1026 845 caussarum
1052 815 1133 841 non
1159 801 1308 842 conscii
1333 807 1479 842 essent.

259 875 499 913 Sectatorem
525 870 671 911 invenit
694 870 929 910 acerrimum
954 870 1127 915 Pauum,
1170 870 1236 921 qui
1266 869 1307 908 in
1341 869 1504 920 singulis
1537 867 1777 909 carminibus
1802 868 1864 908 in·
1889 875 1896 879 “

134 941 405 994 'terpretandis
438 944 616 979 externas
643 937 810 977 maxime
834 950 908 976 nec
933 938 1145 977 admodum
1171 949 1306 988 graves
1333 949 1494 976 caussas
1519 937 1568 976 ad
1593 936 1865 976 auctoritatem

146 1009 366 1049 carminum
400 1005 686 1057 infringendam
712 1005 851 1044 attulit.
913 1005 1033 1044 Multo
1062 1004 1186 1056 magis
1206 998 1475 1057 ad'poeticam
1501 1003 1720 1044 carminum
1744 1003 1865 1043 ratio-

145 1090 237 1117 nem
262 1073 534 1116 animadvertit
558 1073 707 1123 Taneg.
727 1072 854 1113 Faber
877 1073 1045 1124 indeque
1068 1072 1271 1112 verissime
1296 1072 1343 1111 de
1368 1071 1607 1111 carminibus
1632 1071 1867 1124 dijudicavit.

147 1144 276 1188 Nihilo
302 1142 434 1182 minus
461 1140 565 1193 apud
590 1140 782 1192 plurimos
807 1140 912 1186 viros
938 1140 1077 1180 doctos
1102 1144 1210 1180 tanta
1233 1138 1491 1179 Anacreontis
1516 1138 1667 1179 nomini
1691 1138 1753 1179 his
1779 1150 1867 1179 car-

147 1211 320 1252 minibus
353 1209 544 1261 inseripto
580 1208 826 1248 tribuebatur
860 1207 1091 1256 auctoritas,
1127 1212 1171 1247 ut
1194 1206 1275 1256 alii,
1301 1206 1518 1247 Barnesius
1539 1206 1718 1255 maxime,
1748 1205 1870 1246 libere

148 1281 189 1320 in
221 1283 326 1318 textu
351 1276 541 1317 mutando
570 1276 617 1315 ad
643 1274 896 1328 lonicamque
921 1275 1129 1316 dialectum
1155 1274 1439 1315 conformando
1465 1278 1754 1326 grassarentur,
1792 1273 1868 1322 alii,

148 1348 251 1388 inter
268 1358 369 1398 quos
393 1344 555 1390 Baaeter,
581 1343 640 1382 vel
663 1343 830 1383 maxima
848 1348 1065 1383 metrorum
1084 1341 1172 1382 vitia
1194 1346 1261 1382 aut
1280 1342 1564 1383 sententiarum
1584 1342 1751 1395 ineptias
1771 1341 1870 1382 mira

148 1412 363 1468 pertinacia
384 1411 502 1452 animi
517 1411 780 1451 defenderent.
828 1410 944 1459 Quod
966 1411 1048 1463 jam
1066 1409 1263 1461 Bentlejus
1276 1410 1350 1462 Ep.
1376 1410 1425 1450 ad
1445 1409 1665 1450 Gaconium
1690 1421 1870 1449 summus

148 1483 250 1530 sere,
297 1479 364 1533 qui
399 1491 573 1531 unquam
608 1479 716 1518 sucre
752 1478 1001 1527 criticorum,
1042 1477 1207 1527 viderat,
1251 1490 1379 1531 pauca·
1410 1476 1669 1517 Anacreontis
1703 1476 1874 1529 genuina*

149 1549 317 1590 admixta
342 1559 430 1586 esse
451 1558 618 1598 magnae
642 1546 905 1586 imitationum
931 1559 975 1585 ex
1009 1545 1171 1597 diversis
1196 1545 1441 1598 temporibus
1466 1545 1768 1597 repetendarum
1792 1543 1871 1584 sar-

148 1616 286 1669 ragini,
311 1615 350 1655 id
375 1619 512 1653 nostro
538 1619 717 1666 tempore
734 1619 992 1666 posteaquam
1011 1611 1180 1665 Spalettz·
1205 1609 1314 1653 1783
1335 1618 1373 1653 61
1382 1612 1616 1666 Levesquius
1633 1611 1770 1652 codiee
1789 1611 1872 1652 Pal.

151 1687 378 1737 comparato
414 1694 459 1721 ex
490 1681 648 1720 Antliol.
679 1681 855 1721 Palatina
886 1681 1092 1721 ediderunt
1125 1680 1316 1729 carmina,
1361 1686 1620 1733 posteaquam
1652 1679 1875 1720 Hermanni

149 1740 307 1803 ingenio
333 1762 379 1789 ac
404 1749 612 1800 sagacitate
638 1754 676 1788 et
699 1749 883 1788 metricae
906 1748 1011 1799 leges
1037 1754 1075 1788 et
1099 1747 1374 1800 grammaticae
1395 1747 1617 1788 distinctius
1639 1747 1875 1796 constitutae

150 1824 264 1867 sunt,
290 1817 414 1868 magis
439 1816 642 1868 magisque
666 1816 757 1855 viris
783 1816 908 1855 doctis
933 1815 1190 1869 probabatur.
1231 1815 1391 1855 Accedit
1422 1815 1528 1868 quod
1553 1820 1690 1856 nostro
1715 1815 1874 1855 demum

150 1893 329 1938 tempore
360 1897 460 1936 quae
492 1883 543 1923 sit
572 1883 824 1936 popularium
856 1883 1075 1924 carminum
1106 1889 1144 1924 et
1174 1883 1215 1923 in
1246 1883 1472 1923 universum
1504 1888 1542 1923 61
1571 1883 1674 1936 apud
1701 1883 1874 1923 Graecos

150 1954 249 1994 ratio
276 1951 475 2005 quomodo
500 1956 769 2004 propagentur
792 1951 1007 2004 populique
1032 1964 1101 1991 ore
1125 1950 1273 1991 sensim
1298 1955 1523 2000 mutentur,
1548 1950 1673 2002 magis
1699 1950 1874 1991 declara-

151 2027 235 2061 tum
261 2020 312 2060 sit
335 2020 383 2075 cf.
408 2018 503 2058 Zell.
530 2018 678 2058 Feriar.
705 2018 840 2070 script.
859 2019 902 2067 L,
929 2032 969 2071 p.
992 2016 1173 2059 53—91.
1233 2018 1394 2059 Koester
1419 2018 1466 2058 de
1492 2018 1673 2058 cantilen.
1694 2017 1875 2071 popular.

150 2093 225 2128 vet.
253 2088 390 2127 Graec.
431 2085 645 2126 Schneider
676 2085 833 2139 quidem
857 2086 1002 2126 Annot.
1029 2087 1077 2126 ad
1100 2086 1242 2126 Anacr.
1267 2100 1307 2139 p.
1326 2085 1420 2125 LVI.
1448 2086 1495 2125 de
1521 2085 1677 2125 duobus
1700 2084 1874 2125 Anacre-

152 2154 312 2196 ontibus
348 2153 504 2206 cogitat,
542 2166 632 2194 eum
667 2153 840 2194 carmina
864 2154 938 2193 ista
965 2167 1054 2194 cum
1079 2159 1253 2194 veterum
1278 2153 1513 2193 testimoniis
1539 2152 1770 2193 consociare
1794 2163 1876 2192 non

151 2222 300 2276 possit3
325 2222 418 2275 quid
438 2226 569 2261 31116111
592 2221 718 2262 valeat
739 2221 838 2261 haec
863 2221 1078 2274 explicandi
1103 2221 1201 2261 ratio
1228 2220 1268 2260 in
1294 2215 1546 2270 carminibus,
1571 2220 1614 2260 in
1633 2219 1777 2273 quibus
1795 2231 1878 2259 non

152 2291 323 2330 duorum
357 2289 427 2329 sed
459 2283 722 2341 plurimorum
755 2289 944 2339 ingeniis,
980 2294 1062 2329 arte
1096 2288 1453 2328 diversissimorum
1484 2288 1693 2328 hominum
1716 2285 1877 2339 vestigia

152 2358 309 2406 insunt,
347 2356 471 2409 quivis
507 2356 698 2408 intelligit.
768 2357 898 2404 Quare
933 2356 1081 2409 optime
1105 2355 1360 2396 Hermanmts
1394 2356 1442 2396 cf.
1473 2356 1578 2408 Epit.
1609 2355 1735 2395 doctr.
1759 2358 1874 2394 metr.

152 2425 213 2464 ed.
246 2425 294 2464 Π.
328 2437 367 2476 p.
404 2420 484 2462 171
525 2423 599 2463 tria
632 2423 851 2463 carminum
885 2436 1028 2475 genera
1061 2422 1102 2462 in
1135 2422 1199 2462 illa
1231 2422 1611 2463 Anacreonticorum
1651 2420 1877 2473 anthologia

151 2492 281 2532 inesse
320 2483 488 2530 statuit:
534 2490 807 2542 „paucissima
851 2491 1029 2531 videntur
1060 2490 1317 2535 Anacreontis
1363 2503 1468 2539 esse,
1523 2490 1710 2543 pleraque
1751 2488 1876 2531 multo

151 2559 429 2606 recentiorum,
455 2558 647 2610 quaedam
673 2559 789 2598 etiam
813 2558 929 2610 plane
953 2558 1226 2611 imperitorum
1250 2557 1457 2598 hominum
1482 2559 1616 2614 sunt,“
1642 2570 1733 2598 cum
1751 2568 1877 2609 eoque

154 2631 442 2666 consenserunt
473 2625 716 2678 Peerlkamp.
755 2626 957 2666 Observat.
989 2626 1029 2666 in
1053 2625 1194 2666 Anacr.
1229 2626 1270 2665 in
1301 2625 1407 2665 Actis
1440 2638 1523 2665 soc.
1549 2625 1686 2665 Rheno
1713 2625 1819 2677 Traj.
1844 2623 1874 2663 Ι.

153 2707 192 2746 p.
226 2690 322 2734 161.
372 2693 501 2744 Deqen
532 2693 639 2733 Vers.
672 2706 794 2744 germ.
825 2706 865 2745 p.
892 2690 958 2732 13.
1012 2693 1169 2746 Wolper
1202 2693 1422 2733 Commeat.
1458 2693 1505 2732 de
1539 2692 1717 2745 antiquit.
1753 2702 1874 2731 earm.

152 2761 294 2800 Anacr.
319 2757 411 2811 μδ.
443 2761 687 2800 Ilenrz'chsen
711 2761 767 2800 De
792 2761 902 2812 polit.
929 2773 1057 2800 versu.
1084 2774 1123 2812 p.
1141 2757 1207 2800 18.
1260 2760 1511 2800 Wiedemann
1535 2761 1695 2808 Quaest.
1721 2758 1770 2800 de
1795 2763 1874 2798 ant.

142 2839 275 2867 carm.
309 2826 450 2866 Anacr.
482 2834 581 2880 part.
609 2829 624 2868 1
655 2828 695 2867 111
719 2829 857 2878 Progr.
882 2828 1041 2880 Petrop.
1069 2824 1191 2867 1843.
1249 2827 1462 2867 Hermanni
1497 2827 1658 2878 vestigia
1692 2836 1882 2879 premens

153 2894 428 2934 Mehlhornius
445 2895 596 2947 primus
615 2896 655 2935 in
673 2895 966 2947 grammaticam
988 2895 1268 2947 metricamque
1287 2895 1505 2936 carminum
1515 2895 1877 2935 Anacreonteorum

154 2962 345 3002 rationem
365 2967 470 3003 tanta
495 2962 638 3013 ingenii
656 2962 739 3003 acie
757 2962 966 3015 inquisivit,
987 2968 1030 3003 111
1048 2967 1085 3003 et
1103 2975 1202 3015 quae
1220 2963 1426 3014 protulerit
1445 2975 1527 3005 nou
1548 2962 1659 3004 facile
1678 2957 1880 3012 negaveris
