1910 3268
855 211 874 212 ff
915 145 977 213 39ᾼ

80 278 127 318 (16
151 276 350 329 Josepho,
377 273 530 315 duabus
554 272 733 325 partibus
760 272 1002 320 continetur,
1029 278 1199 324 quatuor
1223 273 1480 314 dimetroruin
1513 276 1687 328 strophis
1713 288 1803 317 cum

79 345 256 392 cucuho,
292 342 435 395 quibus
460 354 548 381 sese
572 341 621 380 ad
657 340 895 380 cantandum
920 339 1089 391 accingit
1126 345 1254 392 poeta,
1282 346 1320 381 et
1343 341 1475 393 viginti
1501 343 1673 396 quinque
1698 349 1804 384 stro-

80 413 170 466 phis
196 424 286 451 cum
312 409 479 457 cuculio‚
508 421 586 461 quo
623 407 765 447 cuculii
789 407 933 459 prioris
958 407 1074 447 verba
1100 412 1345 460 repetuntur.

191 475 235 530 5)
283 478 333 517 At
355 489 436 516 non
461 475 502 516 in
527 477 602 515 1136
626 480 843 516 metrorum
870 475 1124 527 corruptione
1155 475 1405 527 acquiescere
1439 476 1551 526 licet3
1587 478 1665 518 duo
1701 478 1805 519 enim

78 551 230 587 exstant
254 544 427 585 carmina
450 539 507 584 24
532 538 646 594 (λη’).
682 543 727 582 sr.
754 541 812 582 111
832 538 950 595 (23¹),
976 542 1016 581 in
1034 541 1177 594 quihus
1203 542 1299 582 nihil
1323 543 1428 583 aliud
1453 550 1642 585 curarunt
1664 550 1805 597 poetae

78 614 153 654 nisi
188 618 231 652 ut
256 618 418 651 octenae
442 610 611 663 syllabae
636 622 792 649 versum
817 610 1018 649 efficerent
1041 609 1082 649 in
1105 610 1400 663 penultimaque
1423 617 1639 663 poneretur
1661 625 1803 654 accen-

79 687 155 729 1115,
193 692 314 733 quare
347 678 387 717 in
423 678 468 717 fr.
496 678 548 718 ΙΙΙ
573 682 612 716 et
645 677 743 717 ἰδεῖν
763 689 798 717 v.
826 673 853 716 5
879 682 918 716 et
951 676 1154 716 πνέουσαν
1180 690 1214 717 v.
1240 674 1268 717 8
1292 677 1436 718 mutari
1460 677 1588 719 debet.
1648 680 1706 719 Ad
1742 680 1803 720 di-

77 753 226 788 metros
251 746 404 786 ionicos
430 746 709 787 anaclomenos
735 744 961 784 efficiendos
986 758 1067 785 non
1093 744 1429 798 dubitantpoetae
1446 760 1478 785 ει
1504 753 1593 787 ante
1616 748 1805 800 syllabam

78 819 243 856 accentu
267 818 443 854 notatam
470 812 680 864 corripere,
707 827 723 852 ε
749 817 788 851 et
812 826 832 851 ο
856 812 1097 864 producere,
1130 805 1361 864 praesertim
1388 826 1478 853 cum
1506 816 1801 855 accentu'effe-

77 888 226 924 rantur.
288 881 365 929 Qui
389 886 518 921 autem
544 880 703 932 proprie
728 879 878 932 politici
902 892 1038 919 versus
1064 880 1249 919 dicuntur
1271 881 1485 920 tetrametri
1509 881 1667 921 iambici
1694 887 1802 923 cata-

76 950 203 992 lectici
229 950 277 990 ci.
302 938 631 988 Henrichsen
657 947 704 986 de
727 947 838 999 polit.
863 958 963 987 vers.
977 960 1016 999 p.
1029 943 1097 995 48,
1124 960 1193 987 eos
1219 947 1258 987 in
1286 948 1460 988 carmine
1481 945 1535 991 18
1559 945 1633 1001 (δ’)
1658 949 1800 998 inesse,

76 1019 183 1072 quod
217 1030 312 1057 num
349 1017 388 1058 in
422 1028 558 1057 versus
585 1013 765 1054 distribui
799 1020 937 1065 posset
963 1016 1047 1068 jam
1073 1015 1219 1066 Taneg.
1245 1014 1374 1055 Faber
1409 1016 1640 1068 desperavit,
1676 1017 1800 1057 Mehl-

72 1085 238 1126 hornius
274 1084 497 1135 suspicatus
533 1088 604 1122 est.
675 1081 938 1121 Nihilominus
984 1095 1034 1121 ne
1079 1094 1187 1122 nunc
1229 1082 1386 1134 quidem
1428 1084 1560 1124 omnia
1594 1084 1800 1136 quadrant,

72 1148 190 1194 m'odo
226 1153 330 1203 leges
368 1165 388 1191 a
423 1150 577 1190 Struvio
613 1149 742 1201 primo
776 1148 1026 1200 propositas,
1064 1149 1111 1189 ab
1142 1149 1428 1200 Henrichsenio
1463 1150 1595 1203 paullo
1629 1157 1799 1194 mutatas

72 1220 340 1262 adhibeamus.
401 1219 501 1258 Nam
538 1217 644 1269 quod
669 1215 848 1256 Struvius
884 1216 1019 1257 statuit
1053 1216 1093 1258 in
1128 1217 1261 1269 priore
1294 1218 1509 1258 tetrametri
1532 1224 1645 1271 parte
1669 1225 1737 1260 aut
1758 1219 1799 1260 in

72 1289 208 1329 ultima
234 1291 301 1327 aut
324 1285 364 1325 in
390 1283 697 1337 antepenultima
722 1283 868 1337 syllaba
894 1290 1101 1324 accentum
1126 1284 1327 1336 poni„hoc
1351 1298 1433 1325 non
1459 1285 1711 1332 observatum
1735 1286 1798 1329 in-

71 1356 202 1396 venies
238 1367 272 1394 V.
308 1351 348 1394 3.
374 1350 413 1393 6.
440 1351 479 1393 7.
506 1350 554 1401 8;
591 1357 730 1391 contra
763 1351 979 1403 penultima
1015 1352 1213 1393 secundae
1246 1353 1460 1392 tetrametri
1495 1354 1618 1406 partis
1652 1353 1798 1407 syllaba

71 1423 218 1476 ubique
234 1427 449 1474 accentum
475 1420 605 1464 habet.
636 1419 826 1459 „Accedit
860 1419 965 1471 quod
1000 1420 1034 1459 si
1058 1416 1276 1463 secundum
1302 1425 1508 1461 accentum
1539 1420 1708 1474 syllabas
1731 1428 1801 1463 aut
1847 1434 1851 1438 ’

72 1490 329 1544 producimus
366 1494 433 1529 aut
467 1487 726 1540 corripimus,
760 1499 846 1539 per.v
865 1492 989 1528 totum
1024 1487 1104 1526 sere
1137 1499 1296 1527 carmen
1331 1487 1525 1537 trochaei,
1561 1502 1644 1529 non
1679 1489 1800 1539 iambi

74 1558 253 1604 evadunt.
315 1556 549 1608 Quanquam
587 1555 690 1594 enim
715 1567 797 1594 non
822 1554 952 1594 solum
985 1554 1025 1594 in
1049 1554 1178 1607 primo
1205 1559 1243 1594 et
1266 1554 1402 1607 quinto
1427 1555 1527 1607 pede
1550 1569 1624 1608 pro
1650 1556 1796 1606 iambo,

74 1633 117 1666 ut
137 1625 315 1666 Stratius
334 1622 583 1671 existimavit,
604 1619 813 1662 trochaeus
832 1621 995 1674 ponitur
1019 1622 1086 1662 sed
1114 1622 1230 1663 etiam
1255 1622 1295 1662 in
1319 1623 1508 1671 secundo,
1528 1623 1655 1672 tertio,
1676 1629 1799 1674 sexto,

13 1684 18 1689 ⁴
74 1693 241 1745 septimo
268 1692 368 1744 pede
393 1691 442 1732 cs.
468 1690 587 1732 Henr.
614 1703 653 1742 p.
679 1686 855 1742 65‘scq„
882 1695 1013 1729 tamen
1039 1690 1078 1729 in
1104 1695 1266 1742 quarto,
1304 1690 1370 1742 qui
1395 1690 1507 1742 quasi
1533 1691 1651 1732 cardo
1677 1691 1798 1732 totius

74 1761 187 1800 metri
213 1765 282 1808 est,
310 1758 544 1798 commutari
568 1770 650 1797 non
674 1763 817 1809 potest.
866 1757 916 1796 At
939 1757 978 1796 in
1005 1762 1142 1797 nostro
1170 1758 1343 1797 carmine
1365 1770 1550 1798 versuum
1575 1756 1614 1799 3.
1635 1755 1674 1799 6.
1696 1756 1736 1799 7.
1757 1755 1797 1799 8.

73 1828 226 1880 priores
252 1831 383 1879 partes
408 1825 682 1864 in.t1·ocliaeos
708 1830 859 1864 exeunt.
908 1824 977 1864 His
1004 1824 1154 1865 caussis
1181 1825 1322 1864 ductus
1346 1825 1654 1866 Henrichsenius
1679 1839 1719 1878 p.
1743 1822 1798 1866 53

74 1901 200 1934 totum
236 1906 394 1934 carmen
429 1905 510 1932 non
544 1892 764 1940 iambicis‚-
784 1892 851 1931 sed
887 1891 1096 1932 trochaicis
1126 1892 1362 1932 tetrametris
1399 1892 1668 1945 conscriptum
1712 1906 1799 1933 esse

75 1962 245 2014 conjicit,
281 1960 369 2000 loco
406 1960 560 2001 Maximi
596 1959 796 2000 Planudae
830 1959 870 1998 in
906 1959 1089 1999 auxilium
1123 1964 1262 1999 vocato
1299 1971 1343 1999 ex
1376 1959 1539 2000 Bachm.
1575 1961 1721 2001 Anecd.
1748 1961 1795 2014 ῌ,

73 2043 113 2082 p.
141 2026 235 2078 100,
261 2029 329 2068 ubi
355 2029 402 2068 de
427 2028 596 2080 politicis
622 2026 799 2066 versibus
825 2039 992 2078 querens
1017 2027 1265 2067 hexametros
1290 2039 1372 2066 non
1403 2027 1478 2067 ista
1509 2027 1599 2068 labe
1631 2027 1797 2068 infectos

57 2095 260 2150 opponit:
294 2094 346 2135 τὰ
367 2094 595 2149 δὲίαμβεῖα
619 2108 659 2134 τε
682 2092 747 2135 καὶ
781 2108 946 2147 τροχα
961 2097 1010 2132 ἴα
1041 2090 1291 2147 τετράμετρα
1317 2092 1433 2135 οὐδὲν
1460 2093 1591 2137 δεινὸν
1611 2092 1744 2143 ἔδοξεν
1764 2096 1800 2135 εἰ

72 2168 145 2205 τοῦ
165 2165 316 2218 μέτρου
337 2159 575 2213 ψιλώσαιεν.
636 2162 754 2202 Recte
790 2162 968 2215 quidem,
1004 2162 1074 2201 sed
1110 2174 1192 2201 non
1229 2162 1358 2202 solum
1392 2161 1512 2202 iambi
1547 2175 1677 2215 neque
1710 2168 1795 2204 tro—

72 2232 182 2273 chaei
207 2232 276 2272 sed
299 2231 419 2272 iambi
445 2243 535 2271 cum
560 2230 756 2271 trochaeis
783 2230 891 2270 mixti
915 2230 955 2269 in
980 2229 1154 2269 'carmine
1178 2229 1254 2269 isto
1280 2229 1410 2269 inesse
1435 2229 1629 2271 videntur.
1683 2230 1796 2270 ‘Poli-

71 2301 171 2340 ticos
208 2298 350 2339 autem'
372 2294 508 2338 versus
546 2302 635 2337 ante
670 2297 867 2338 decimum
902 2310 941 2349 p.
979 2295 1084 2336 chr:
1105 2309 1144 2336 n.
1171 2297 1348 2337 seculum
1384 2298 1613 2349 nortfacile
1648 2299 1689 2339 in
1720 2311 1796 2340 usu

8 2416 13 2421 ¹
72 2367 193 2408 fuisse
227 2366 375 2406 scimus
412 2367 460 2406 cf.
488 2366 606 2404 Henr.
635 2378 675 2417 p.
701 2362 779 2406 41:
812 2366 895 2418 jam
921 2364 1040 2415 igitur
1064 2370 1211 2416 quanto
1236 2364 1402 2416 propius
1428 2364 1501 2404 ista
1525 2366 1796 2407 Anacreontea

18 2438 23 2443 '
71 2435 131 2474 his
157 2434 292 2473 metris
319 2433 544 2485 conscripta
571 2445 592 2472 a
619 2438 754 2472 nostra
779 2438 904 2472 aetate
929 2431 1061 2471 absint
1084 2444 1201 2484 quam
1227 2431 1275 2471 ab
1301 2431 1547 2472 Anacreonte
1571 2439 1746 2486 apparet.

185 2503 319 2542 Restat
343 2501 471 2541 adhuc
497 2498 541 2540 u't
563 2512 690 2552 pauca
717 2500 764 2539 de
789 2499 1048 2539 consonantia
1073 2499 1302 2547 litterarum,
1338 2511 1438 2550 quae
1470 2500 1573 2551 apud
1598 2507 1796 2543 nostrates

71 2571 214 2611 dicitur
248 2568 464 2617 alliteratio,
501 2567 703 2619 adjiciam,
752 2580 871 2620 quae·
897 2566 937 2605 in
970 2566 1252 2616 Asnacreonteis
1297 2565 1486 2606 latissime
1529 2573 1637 2620 patet
1669 2581 1797 2621 neque

71 2643 203 2680 tamen
237 2651 258 2677 a
294 2648 494 2688 quoquam
529 2635 605 2675 nisi
638 2635 772 2674 leviter
805 2635 1113 2674 commemorata
1150 2637 1221 2672 est.
1282 2634 1326 2673 ln
1362 2633 1588 2675 universum
1625 2641 1668 2675 ut
1691 2636 1794 2676 idem

70 2705 131 2745 his
157 2705 197 2746 in
222 2703 341 2745 rebus
369 2703 540 2743 Graecae
564 2701 719 2753 linguae
743 2701 913 2749 eveniat,
950 2702 1056 2753 quod
1081 2700 1280 2753 praeclara
1305 2700 1441 2740 Naekii
1467 2701 1515 2741 de
1539 2701 1794 2742 alliteratione

70 2771 346 2812 dissertatione
381 2771 428 2809 cf.
456 2770 554 2809 Mus.
583 2769 707 2808 Rhen.
737 2765 846 2810 1829
876 2769 940 2817 111,
966 2765 1006 2809 2.
1043 2773 1157 2807 nacta
1193 2773 1254 2806 est
1287 2767 1418 2818 lingua
1455 2768 1593 2817 latina,
1629 2770 1797 2810 maxime

71 2839 287 2891 optandum
313 2837 376 2877 sit.
435 2837 566 2876 Pauca
593 2837 676 2887 ejus
704 2836 751 2874 de
779 2836 1020 2876 Graecorum
1046 2834 1315 2883 alliteratione,
1351 2847 1450 2886 quae
1475 2835 1639 2885 dicitur,
1674 2836 1790 2878 verba

6 2950 8 2953 ,
70 2918 293 2959 apponam:
331 2903 503 2953 „Graeci
537 2902 700 2942 ut'vim
738 2903 862 2942 sactae
895 2915 968 2942 suo
1003 2902 1092 2941 loco
1130 2901 1399 2941 alliterationis
1435 2902 1597 2942 minime
1631 2903 1790 2955 ignora-

71 2978 243 3022 „verunt
267 2984 393 3023 neque
418 2975 633 3023 potuerunt
658 2966 838 3020 ignorare
863 2982 941 3020 quo
968 2974 1078 3009 erant
1109 2968 1265 3018 ingenio
1302 2969 1349 3008 ad
1378 2982 1535 3009 omnem
1562 2969 1790 3021 elegantiam
