1910 3268
916 119 972 162 44

85 252 362 287 creonteorum
383 246 647 298 anthologiam
676 252 714 285 et
732 246 949 287 Palatinam
974 246 1189 287 intercedat
1208 253 1341 299 aperte
1365 248 1627 298 demonstran
1647 253 1806 302 postea—

83 327 200 367 quam
223 315 325 354 enim
348 310 627 365 συμποσιακὸν
652 313 739 366 περὶ
761 310 945 366 ὀνείρων,
983 314 1031 354 de
1064 314 1207 367 quibus
1237 320 1358 366 agunt
1386 316 1450 356 od.
1470 313 1528 356 44
1559 312 1658 370 (λα’)
1685 321 1724 356 et
1743 315 1806 356 od.
1878 330 1888 338 ·

83 380 138 423 23
163 380 275 436 (λζ’),
306 382 421 421 index
440 381 632 434 prodidit,
665 386 886 433 sequuntur
903 382 1090 422 tredecim
1110 382 1211 422 tituli
1232 382 1469 432 carminum,
1500 395 1600 436 quos
1634 395 1716 423 non
1740 395 1809 423 so-

83 449 164 490 lum
196 462 333 490 omnes
367 454 524 502 praeter
552 461 675 488 unum
707 449 762 494 εἷς
790 447 1000 503 καλοκὲριν
1028 449 1067 488 in
1088 449 1261 489 Palatina
1283 450 1507 502 anthologia
1536 450 1706 504 reperis,
1741 450 1811 491 sed

86 517 202 557 etiam
224 517 362 556 eodem
382 516 499 568 plane
521 515 658 555 ordine
679 521 795 569 atque
814 517 854 556 in
876 517 939 557 illa
959 516 1203 570 propositos.
1263 517 1396 557 Primo
1427 518 1517 558 loco
1542 515 1597 564 εἷς
1617 513 1812 571 ποτήριον

86 585 261 637 positum
281 584 496 636 respondet
516 583 651 623 odario
681 581 735 623 17
756 580 828 637 (y‘)
854 583 909 631 εἷς
930 580 1122 638 ποτήριον
1141 582 1366 637 ἀργυροῦν;
1387 585 1454 638 qui
1474 583 1695 638 sequuntur
1713 585 1815 627 tituli

86 652 140 697 εἷς
161 649 391 699 ἔρωτα-εἶς
415 646 582 700 ἑαυτὸν,
613 651 653 691 in
674 651 955 697 Anacreonteis
977 665 1135 705 quoque
1155 665 1243 692 sese
1264 652 1462 705 excipiunt
1483 654 1546 694 od,
1569 650 1626 694 59
1659 652 1728 708 (ε).
1759 651 1813 696 11
1857 688 1860 689 ⁷

89 715 172 773 (ς’).
224 720 314 759 Non
355 719 459 760 idem
487 719 602 773 plane
632 724 749 773 atque
782 719 838 765 εἷς
867 715 1062 773 νεώτερον
1094 717 1217 767 ἄλλος
1247 717 1371 760 ἄλλον
1400 721 1634 774 inscriptum
1664 721 1816 763 invenis
1879 751 1883 755 ·

87 788 360 828 Anacreonteo
383 787 569 836 carmini,
611 787 680 826 sed
709 786 889 839 pluribus
921 788 1163 828 carminibus
1185 802 1285 841 quae
1306 793 1527 841 sequuntur
1546 789 1694 842 optime
1715 802 1815 830 con-

88 855 205 905 venit,
227 861 272 895 ut
292 851 522 908 εἷς”Ερωτα
543 850 708 908 κηρινόν
734 851 789 895 10
810 850 897 909 (ι’),
921 855 976 902 εἰς
999 853 1047 895 τὸ
1069 855 1150 903 δεῖς
1173 855 1296 897 πίνειν
1314 853 1367 896 19
1379 853 1503 911 (κα’),·
1526 856 1638 897 facile
1657 869 1816 910 quoque

88 936 132 964 ex
167 924 280 964 titulo
307 923 373 963 illo
407 923 461 970 εἰς
495 919 690 976 νεώτερον
719 920 950 963 Βάθυλλον
978 922 1126 963 librarii
1146 924 1288 964 menda
1318 924 1428 965 nasci
1457 929 1625 977 poterat.
1682 915 1815 974 Plane,

90 992 156 1045 qui
178 997 260 1032 tum
282 996 564 1044 proponuntur
584 990 685 1030 tituli
706 990 760 1036 εἷς
780 987 1131 1044 φιλάργυρον-εἷς
1150 990 1416 1045 γέροντα-εἲς
1437 987 1583 1032 ἑαυτὸν
1608 1005 1698 1032 cum
1709 987 1815 1037 Ana-

90 1065 366 1099 creonteorum
398 1058 535 1098 ordine
562 1055 617 1099 23
651 1054 759 1111 (λζ’).
785 1056 843 1114 47
863 1055 940 1113 (μ’)
971 1056 1028 1100 24
1049 1055 1155 1112 (μα’)
1178 1060 1429 1100 conveniunt.
1489 1060 1727 1114 Interposito
1749 1060 1815 1101 illo

90 1127 226 1167 odario
248 1127 303 1173 εἷς
324 1124 556 1177 καλοκέριν.,
588 1126 695 1178 quod
715 1126 808 1178 quid
833 1125 907 1166 sibi
930 1127 1041 1177 velit,
1074 1126 1171 1167 mihi
1192 1139 1274 1167 non
1295 1127 1389 1167 satis
1415 1133 1579 1181 apparet
1598 1127 1666 1182 (ne
1690 1127 1816 1169 forma

89 1195 248 1248 quidem
280 1193 439 1234 obvenit
467 1194 603 1234 eadem
634 1194 704 1233 sed
729 1194 803 1234 alia
838 1193 1104 1249 καλλικέρως,
1150 1196 1316 1235 forsitan
1346 1208 1391 1235 ex
1421 1195 1475 1242 εἷς
1509 1193 1637 1248 καλὴν
1668 1191 1820 1250 κούρην

89 1263 310 1303 mutilatum
340 1260 429 1314 sit),
471 1261 526 1307 εἷς
559 1259 605 1301 τὸ
635 1258 806 1314 ἔαρ-εἲς
840 1258 1087 1310 ἑαυτὸν-εἲς
1113 1260 1441 1317 φιλοπότην-εἶς
1459 1259 1652 1317 νεώτερον
1683 1262 1818 1316 (plane

90 1330 272 1370 convenit
293 1330 356 1370 od.
380 1326 437 1369 54
461 1326 578 1382 (vx‘),
631 1343 709 1382 quo
736 1329 918 1383 Cybeben
934 1332 1119 1384 juvenem
1146 1331 1302 1371 invocat
1324 1337 1461 1384 poeta,
1502 1331 1655 1372 etiamsi
1675 1330 1818 1371 inscri—

89 1405 201 1451 ptum
227 1398 277 1438 sit
301 1398 356 1445 εἰς
385 1394 547 1449 ἑαυτὸν)
584 1397 723 1437 eodem
755 1398 892 1438 ordine
921 1399 1125 1451 proposita
1160 1399 1331 1451 reperies
1367 1404 1483 1452 atque
1514 1399 1577 1439 od.
1614 1396 1670 1439 37
1701 1395 1818 1450 (μζ).

90 1463 146 1507 38
171 1462 292 1518 (μή).
312 1462 369 1507 26
394 1461 523 1518 (μθ)
545 1462 600 1505 54
621 1461 733 1518 (ιά’).
755 1462 809 1505 35
831 1462 944 1519 (νβ’).
1003 1467 1061 1506 Ex
1089 1466 1164 1507 hac
1190 1466 1275 1519 ipsa
1314 1466 1610 1518 comparatione
1633 1466 1818 1507 antholo-

91 1535 175 1587 giae
194 1533 499 1574 Barberinianae
524 1539 726 1574 auctorem
751 1533 976 1585 anthologia
1000 1533 1176 1574 Palatina
1200 1547 1317 1574 usum
1348 1533 1470 1573 fuisse
1493 1533 1662 1586 indeque
1687 1533 1820 1574 odaria

90 1602 283 1655 quaedam
308 1601 500 1641 sumsisse
534 1607 710 1653 apparet.
769 1602 826 1642 Ex
860 1602 979 1643 altera
1014 1601 1154 1642 indicis
1187 1607 1300 1655 parte
1334 1602 1412 1641 duo
1447 1606 1599 1641 tantum
1637 1600 1739 1641 tituli
1771 1601 1821 1642 ad
1880 1592 1883 1595 ⁵

92 1675 270 1710 nostram
302 1681 386 1709 rem
417 1668 566 1709 faciunt
586 1666 708 1716 ἄλλος
730 1667 850 1723 πρὸς·
881 1666 1072 1721 νεώτερος
1106 1667 1162 1716 εἷς
1185 1666 1510 1723 κοῦρον-ἕτερος
1537 1666 1657 1721 πρὸς·
1703 1665 1825 1723 ὄρνεα

92 1736 196 1777 καλὰ
221 1735 287 1776 καὶ
309 1753 353 1788 μ.
372 1751 431 1784 τ.,
452 1730 556 1776 unde
582 1738 755 1777 carmina
780 1738 1051 1778 Anacreontea
1075 1738 1154 1778 hoc
1174 1737 1285 1777 titulo
1311 1736 1500 1789 inscripta
1524 1741 1609 1777 tum
1629 1736 1820 1790 temporis

92 1806 133 1846 in
153 1806 361 1846 hominum
387 1817 456 1844 ore
486 1804 607 1845 fuisse
637 1805 933 1858 imitationeque
964 1818 1147 1858 expressa
1171 1804 1363 1845 videmus.
1423 1804 1468 1843 In
1493 1804 1720 1845 universum
1744 1804 1818 1857 igi-

91 1879 156 1913 tur
179 1878 422 1926 quantopere
447 1871 606 1912 serioris
632 1872 767 1913 aetatis
788 1878 929 1925 poetae
953 1873 994 1912 in
1012 1872 1299 1912 Anacreontico
1324 1871 1458 1924 poesis
1478 1884 1620 1923 genere
1637 1871 1817 1912 elabora-

90 1940 217 1980 verint
246 1953 290 1980 ex
318 1940 394 1980 hac
429 1940 653 1992 anthologia
688 1953 815 1992 nuper
847 1945 1001 1993 reperta
1035 1940 1179 1989 elucet,
1222 1945 1265 1979 ut
1305 1939 1462 1992 quando
1493 1951 1593 1979 nova
1624 1939 1815 1992 quaedam

91 2021 214 2060 eaque
234 2008 328 2048 satis
354 2008 512 2060 antiqua
537 1993 806 2048 Anacreontea
840 2020 884 2048 ex
910 2008 1047 2047 codice
1082 2008 1190 2047 valde
1218 2007 1396 2047 mutilato
1427 2011 1543 2059 atque
1573 2007 1742 2047 lacerato
1773 2006 1813 2046 in

90 2075 218 2116 lucem
243 2076 494 2128 proferantur
517 2075 565 2116 ab
591 2075 739 2128 Angelo
759 2075 882 2128 Majo,
913 2088 1072 2128 sperare
1091 2075 1192 2115 licet.

901 2221 939 2277 ς.
965 2220 1003 2263 5.

748 2324 796 2357 De
821 2325 1000 2357 carminum
1032 2324 1158 2356 ordino¹

207 2422 441 2472 Quanquam
462 2429 590 2470 neque
610 2416 650 2456 in
675 2415 939 2469 Stephaniana
960 2415 1131 2455 editione
1155 2426 1282 2467 neque
1309 2415 1349 2454 in
1376 2414 1512 2454 codice
1536 2414 1720 2455 Vaticano
1750 2426 1816 2454 se-

95 2489 267 2529 cundum
294 2492 444 2527 certum
486 2485 684 2538 quoddam
721 2483 930 2523 consilium
971 2483 1144 2522 carmina
1173 2482 1214 2522 in
1244 2483 1423 2523 ordinem
1454 2483 1611 2522 redacta
1639 2482 1820 2522 videntur

94 2569 221 2609 neque
245 2555 346 2594 bene
365 2554 450 2592 fieri
474 2557 630 2605 poterat
649 2551 689 2591 in
711 2550 971 2600 carminibus,
1012 2550 1156 2603 quibus
1187 2550 1322 2590 eadem
1350 2551 1430 2589 sere
1455 2550 1648 2590 sententia
1669 2549 1819 2598 subest,

94 2630 222 2665 tamen
244 2622 364 2662 modo
390 2620 611 2660 accuratius
642 2631 918 2672 comparemus
946 2623 1157 2670 utrumque
1182 2618 1381 2667 ordinem,
1411 2617 1506 2657 satis
1538 2617 1660 2666 multa
1688 2616 1821 2656 odaria

95 2692 135 2731 in
155 2696 324 2742 utroque
355 2701 442 2727 sese
473 2687 701 2740 excipientia
724 2687 922 2735 videmus,
956 2699 1056 2738 quae
1086 2686 1201 2738 plane
1225 2685 1326 2725 idem
1347 2690 1515 2725 tractant
1535 2689 1821 2736 argumentum,

95 2770 262 2811 quorum
285 2757 449 2796 alterum
472 2755 567 2794 nihil
588 2756 663 2794 nisi
684 2754 849 2794 imitatio
870 2754 1024 2794 videtur
1043 2767 1130 2794 esse
1150 2753 1323 2793 alterius.
1355 2753 1420 2792 Sic
1441 2753 1504 2792 od.
1526 2748 1580 2791 18
1601 2750 1825 2804 adjungitur

97 2826 232 2865 odario
255 2821 309 2864 17
330 2819 398 2875 (δ’.
419 2821 495 2874 γ’),
539 2835 708 2874 quorum
730 2827 942 2874 utrumque
973 2822 1020 2861 de
1040 2821 1187 2875 poculo
1210 2820 1396 2860 caelando
1418 2820 1514 2871 agit,
1558 2819 1692 2859 eadem
1726 2818 1824 2858 ratio

97 2898 157 2932 ost
177 2891 396 2932 carminum
424 2886 492 2931 28.
517 2886 573 2930 29
600 2887 660 2940 (ιε’
684 2884 762 2941 ις’),
795 2901 964 2941 quorum
991 2888 1209 2928 secundum
1231 2887 1280 2927 ad
1304 2886 1448 2940 prioris
1471 2886 1689 2938 exemplum
1714 2898 1826 2925 com-

97 2960 271 3011 positum
294 2963 372 3007 cst3
419 2957 617 3010 excipiunt
637 2970 725 2996 seso
745 2953 812 2999 21.
839 2954 895 2997 22
916 2952 980 3007 (ιζ
1004 2951 1074 3007 ιη’)
1090 2986 1099 3004 ,
1132 2967 1231 3007 quae
1254 2969 1274 2995 a
1295 2954 1519 2994 novissimis
1551 2953 1767 2993 editoribus
1790 2952 1829 2992 in
