1910 3268
950 203 1005 245 25

115 329 274 382 fingenio
299 329 521 382 supplebat.
579 329 649 369 llis
684 330 914 382 disputatis,
956 342 1056 382 quae
1086 329 1135 369 ad
1169 329 1438 368 Anacreontea
1468 327 1642 367 carmina
1675 327 1842 367 maxime

114 397 311 450 pertinere
343 403 481 450 postea
510 397 753 446 videbimus,
789 398 839 438 ad
868 397 1126 437 Anacreontis
1161 402 1285 436 metra
1320 395 1586 435 enumeranda
1620 394 1841 434 redeamus.

116 463 334 504 Dimetrum
352 476 514 518 quoque
533 465 747 506 iambicum
770 465 797 504 b
807 478 830 505 r
839 478 861 504 a
874 477 895 504 c
907 465 932 504 h
945 478 968 517 y
979 477 1001 504 c
1012 477 1033 504 a
1046 464 1117 504 tal
1129 477 1151 504 e
1162 469 1246 504 ctu
1258 477 1296 504 m
1316 462 1576 503 Anacreontis
1597 462 1760 501 nomine
1779 462 1842 501 in-

75 548 78 556 ·
115 530 236 571 scribi
259 538 400 571 auctor
418 537 479 572 est
502 533 660 572 Servius
681 532 906 572 Centimetr.
932 545 973 584 p.
1000 528 1152 571 1818..
1168 531 1218 572 cf.
1239 531 1380 582 Bergk.
1405 530 1479 569 An.
1501 543 1541 581 p.
1566 525 1664 569 231.

118 623 124 628 -
227 598 278 639 11.
337 598 444 638 Inoer
478 600 752 639 trochaica
776 605 900 639 metra
926 604 1152 638 tetrametro
1184 598 1397 638 acatalecto
1423 610 1542 637 usum
1570 608 1660 636 esse
1682 600 1842 647 poetam

116 671 280 722 apparet
317 678 363 706 ex
391 666 603 719 Hephaest.
650 666 698 706 de
732 668 862 707 troch.
890 680 930 719 p.
954 663 1023 707 36.
1053 663 1121 707 10.
1149 672 1187 706 et
1208 679 1253 706 ex
1286 665 1516 716 fragmentis
1552 664 1598 703 fr.
1620 662 1843 702 LXXIX-—

114 733 319 782 LXXXIII,
354 739 483 786 nequ‘e
511 734 663 774 diversa
695 733 878 774 videntur
911 747 999 773 esse
1029 733 1195 772 dimetra
1230 733 1454 779 acatalecta,
1480 743 1582 783 quae
1605 744 1628 770 a
1648 730 1777 770 Plotio
1798 743 1838 781 p.

112 796 239 841 2648.
300 800 425 853 Heph.
451 801 512 840 ed.
534 801 581 841 G.
607 814 648 853 p.
673 798 756 842 261
781 801 1042 841 Anacreontia
1067 800 1265 840 dicuntur.

226 867 295 908 111.
351 868 410 908 Ex
433 867 721 920 dactylicis
755 868 891 908 metris
916 874 1143 908 tetrameter
1163 867 1413 908 catalecticus
1438 868 1488 907 cf.
1514 866 1640 918 Heph.
1666 866 1716 906 de
1739 865 1841 905 dact.

117 948 159 988 p.
181 931 252 976 39.
277 935 325 975 fr.
344 935 474 976 LXVI.
499 936 635 976 LXVII
659 936 925 976 nominandus
943 942 1024 986 est3
1044 937 1124 976 huc
1148 947 1307 988 quoque
1327 934 1555 974 referendus
1575 946 1713 973 versus
1732 933 1843 984 loga—

76 1053 81 1058 ,
114 1003 289 1052 cedimis,
314 1016 432 1056 quem
456 1003 695 1056 Hephaestio
715 1018 755 1056 p.
773 1001 832 1044 90
853 1004 956 1044 inter
975 1008 1220 1056 asynartetos
1245 1002 1488 1042 enumeravit
1512 1002 1561 1041 cf.
1581 1001 1715 1042 Herm.
1737 1000 1843 1053 Epit.

114 1084 155 1124 p.
180 1067 268 1113 216
289 1068 327 1124 §.
355 1067 451 1111 515.
494 1072 543 1111 cs.
569 1071 615 1111 [r.
640 1071 1072 1112 LXle—LXXVIII.

228 1137 290 1178 lv,
338 1138 475 1178 Latius
500 1143 607 1191 patet
631 1139 1121 1179 choriambicorum
1144 1151 1331 1179 versuum
1350 1150 1469 1178 usus:
1504 1138 1681 1178 trimeter
1705 1142 1842 1176 cata-

111 1205 343 1246 lecticus
368 1205 503 1246 Servio
530 1211 629 1246 teste
652 1207 938 1248 Anacreontius
974 1205 1198 1255 dicebatur,
1234 1208 1398 1259 ejusque
1422 1211 1575 1246 exstant
1597 1204 1772 1257 exempla
1796 1205 1843 1243 fr.

113 1272 462 1314 XXVIII—XXX.
510 1274 638 1326 Heph.
660 1274 708 1314 de
729 1274 947 1314 choriamb.
969 1288 1010 1327 p.
1032 1271 1101 1314 52.
1148 1274 1239 1326 Ipse
1262 1273 1415 1326 primus
1439 1285 1512 1325 per
1534 1277 1661 1312 totum
1687 1284 1846 1312 carmen

112 1350 187 1392 pro
216 1341 335 1393 primi
368 1341 587 1381 choriambi
622 1341 810 1382 trochaeo
846 1341 1071 1394 tribrachyn
1106 1341 1291 1382 adhibere
1325 1340 1477 1381 studuit
1510 1340 1560 1380 cf.
1595 1339 1723 1392 Heph.
1757 1338 1784 1378 l.
1819 1338 1844 1378 Ι.

113 1408 251 1461 Neque
285 1407 434 1448 alienus
469 1408 518 1449 ab
554 1409 638 1461 ejus
663 1422 739 1448 usu
775 1415 836 1448 est
869 1409 1045 1449 trimeter
1076 1407 1499 1461 hypercatalecticus
1535 1407 1663 1459 Heph.
1699 1407 1761 1447 ed.
1798 1406 1844 1454 G,

0 1481 9 1535 ζ
54 1475 57 1477 ’
114 1489 155 1528 p.
181 1473 279 1517 295.
337 1475 396 1515 Ex
418 1476 657 1516 tetrametris
684 1482 722 1516 et
747 1476 983 1517 acatalectus
1009 1476 1168 1516 obvenit
1191 1476 1237 1516 fr.
1263 1476 1382 1516 XXII.
1409 1475 1534 1515 XXIII
1568 1481 1608 1514 et
1632 1474 1844 1515 catalectus

0 2857 15 2899 Ἤ·
0 2710 14 2851 *ΨΜ
3 2675 6 2678 >
0 2662 11 2669 ¹.
0 2612 26 2656 -ffi's
0 2563 22 2607 ἵξῃ-ρ
16 2537 26 2545 .

114 1543 163 1584 fr.
186 1543 268 1583 XX.
289 1543 377 1583 XXI
402 1543 451 1583 cs.
476 1543 603 1595 Heph.
630 1544 692 1583 ed.
720 1544 765 1584 G.
791 1544 817 1583 l.
843 1544 894 1591 l..
930 1550 1046 1596 atque
1075 1544 1116 1583 in
1147 1544 1209 1584 his
1244 1543 1341 1596 ipsis
1374 1543 1501 1595 legem
1536 1542 1734 1595 quandam
1768 1541 1845 1580 sibi

113 1610 305 1663 imposuit
318 1610 527 1651 Anacreon
544 1616 589 1651 ut
607 1611 826 1651 secundum
844 1623 1040 1664 quemque
1058 1616 1097 1651 et
1113 1617 1297 1664 quartum
1309 1611 1450 1663 pedem
1461 1610 1675 1651 iambicum
1687 1610 1844 1649 faceret.

224 1677 269 1719 V.
316 1677 489 1719 Ionici
523 1690 708 1718 versus
742 1684 788 1720 ut
820 1692 866 1719 ex
897 1679 1061 1719 Ionibus
1093 1691 1240 1718 nomen
1274 1678 1477 1730 accepisse
1502 1678 1688 1718 dicuntur
1711 1676 1844 1716 Schol.

114 1745 242 1798 Heph.
267 1745 328 1786 ed.
356 1746 402 1787 G.
426 1759 468 1799 p.
495 1742 579 1786 160
600 1746 653 1786 ita
679 1747 727 1786 ad
752 1747 1041 1787 Anacreontem
1066 1759 1155 1786 vere
1175 1746 1355 1786 Ionicum
1381 1751 1540 1799 poetam
1564 1745 1733 1786 maxime
1752 1757 1845 1797 per-

114 1811 251 1852 tinent.
311 1811 371 1852 Ab
401 1826 450 1853 eo
475 1813 563 1865 ipso
598 1819 729 1854 autem
763 1814 994 1854 immutatus
1028 1820 1090 1854 est
1122 1826 1259 1854 versus
1294 1814 1453 1853 lonicus
1488 1827 1510 1854 a
1543 1813 1711 1861 minori3
1755 1824 1846 1851 cum

116 1879 445 1921 enimAeolenses
469 1881 579 1933 lyrici
603 1881 784 1932 religiose
807 1893 852 1920 ex
875 1881 987 1933 puris
1011 1881 1153 1921 ionicis
1176 1881 1343 1934 pedibus
1367 1882 1552 1929 facerent,
1566 1880 1737 1921 anaclasi
1749 1892 1846 1920 usus

117 1951 179 1987 est
199 1946 242 1987 in
266 1960 389 2000 eaque
413 1948 582 2001 primam
608 1948 727 1988 arsim
753 1948 869 1988 solvit
893 1949 942 1988 cf.
967 1948 1101 1988 Herm.
1128 1949 1235 2000 Epit.
1262 1949 1323 1989 ed.
1349 1949 1398 1988 Π.
1424 1962 1465 2001 p.
1493 1945 1603 1996 169„
1637 1947 1755 2000 idque
1778 1960 1843 1986 re-

115 2013 236 2066 spicit
255 2014 494 2068 Hephaestio
519 2029 558 2068 p.
585 2012 643 2055 68
667 2028 757 2055 cum
784 2016 889 2056 dicat
922 2013 1036 2069 παρὰ
1071 2014 1115 2054 δὲ
1138 2017 1198 2069 τῷ
1214 2014 1471 2069 Ἀνακρέοντι
1496 2011 1643 2068 ἑτέρως
1666 2011 1847 2067 ἐσχημά-

116 2093 250 2122 τισται
284 2088 353 2122 aut
386 2081 493 2123 κατὰ
528 2080 600 2121 τὸν
634 2079 926 2133 ἀνακλώμενον
946 2084 1193 2136 χαρακτῆρα
1227 2080 1332 2123 πολὺ
1368 2080 1480 2136 παρὰ
1516 2084 1576 2137 τῷ
1593 2080 1851 2136 Ἀνακρέοντί

114 2147 212 2188 ἐστι’.
277 2149 512 2191 Tetrametri
546 2150 746 2190 acatalecti
778 2151 1002 2190 ionicorum
1037 2164 1060 2191 a
1101 2150 1247 2190 minori
1286 2163 1471 2191 versuum
1514 2150 1767 2190 inveniuntur
1800 2149 1846 2188 fr.

115 2215 272 2256 XXXIX
291 2238 349 2245 -—
367 2217 479 2258 XLV.
538 2218 596 2257 Ex
620 2218 856 2258 tetrametris
889 2217 1237 2270 brachycatalectis
1271 2224 1353 2259 tota
1377 2218 1636 2259 Anacreontis
1671 2217 1846 2258 carmina

117 2288 303 2325 constant
324 2285 371 2324 fr.
397 2285 497 2325 XLV
517 2284 759 2325 —XLVIIL
826 2285 953 2337 Heph.
986 2285 1035 2325 de
1070 2285 1155 2325 Ion.
1190 2286 1287 2326 min.
1322 2299 1362 2338 p.
1397 2283 1466 2325 68.
1526 2286 1635 2325 Idem
1673 2284 1778 2324 cadit
1806 2284 1848 2323 in

113 2350 315 2401 trimetro's
350 2357 390 2391 et
421 2352 657 2393 acatalectos
692 2353 739 2392 fr.
765 2352 887 2392 XLIX
905 2374 964 2380 —-
982 2352 1070 2392 LIII
1105 2358 1143 2391 et
1178 2353 1388 2394 catalectos
1424 2353 1470 2393 fr.
1495 2352 1591 2393 LIV.
1641 2353 1689 2392 cf.
1715 2352 1842 2403 Heph.

111 2417 138 2456 l.
159 2417 186 2458 l.
236 2417 393 2470 Optime
417 2425 547 2460 autem
572 2419 614 2458 in
627 2419 931 2472 Hephaestionis
955 2419 1060 2470 loco,
1085 2420 1154 2460 ubi
1178 2426 1271 2473 post
1292 2421 1491 2460 trimetros
1514 2423 1848 2460 commemoratos

116 2484 174 2524 sic
207 2485 336 2537 pergit
366 2486 559 2538 scriptor:
593 2484 640 2526 τὸ
666 2484 711 2526 δὲ
734 2483 1019 2538 ἀκατάληκτον
1044 2485 1148 2527 κατὰ
1183 2485 1254 2528 τὸν
1289 2484 1580 2538 ἀνακλώμενον
1609 2487 1850 2539 χαρακτῆρα

116 2548 220 2590 πολὺ
244 2550 358 2604 παρὰ
380 2554 441 2606 τῷ
454 2551 712 2606 Ἀνακρέοντι
737 2553 825 2595 ἐστι’
856 2586 858 2589 ,

315 2645 325 2655 .
387 2618 499 2674 παρὰ
524 2614 647 2672 δηῦτε
669 2617 985 2675 Πυθόμανδρον
1008 2621 1180 2662 κατέδυν
1205 2620 1337 2676 ἔρωτα
1363 2620 1523 2676 φεύγων

114 2686 431 2739 interjiciendum
457 2700 545 2727 esse
569 2688 739 2741 conjecit
756 2689 974 2729 Mehlhorn.
1000 2689 1107 2729 Inter
1130 2687 1176 2729 τὸ
1202 2690 1250 2730 δέ
1271 2697 1309 2730 et
1327 2688 1632 2741 ἆκατάληκτον;
1658 2689 1846 2741 δι’μετρον

116 2749 178 2801 τό,
198 2766 290 2794 cum
314 2754 415 2794 dim
426 2768 447 2795 e
459 2755 527 2795 tri
552 2756 753 2796 acataleeti
765 2756 1030 2807 intelligantur
1041 2758 1089 2797 cf.
1100 2757 1228 2810 Heph.
1242 2758 1302 2798 ed.
1317 2758 1362 2798 G.
1376 2772 1415 2811 p.
1428 2755 1525 2799 307.
1546 2759 1592 2798 fr.
1606 2755 1842 2797 LX—LXV.

226 2820 289 2861 vl.
336 2821 394 2862 Ex
413 2822 592 2863 versibus
613 2823 743 2863 mixtis
770 2823 1023 2876 Glyconei
1057 2825 1105 2866 ab
1130 2825 1379 2865 Anacreonte
1409 2838 1490 2865 non
1516 2826 1645 2865 solum
1671 2835 1841 2874 usurpa-

115 2885 262 2928 bantur
293 2888 363 2928 sed
394 2889 510 2929 certis
546 2889 782 2942 quibusdam
818 2891 969 2943 legibus
1000 2893 1125 2943 magis
1150 2892 1460 2940 definiebantur3
1498 2893 1590 2932 inde
1613 2892 1758 2932 factum
1784 2896 1844 2929 est

117 2959 161 2993 ut
183 2959 222 2994 et
243 2954 355 3007 ipsos
365 2956 743 2997 Anacreonticorum
778 2971 923 2998 nomen
949 2959 1150 3011 accepisse
1173 2972 1312 2999 omnes
1324 2961 1404 2999 sere
1429 2958 1674 3011 grammatici
1697 2963 1843 2997 testen-

38 3020 45 3021 ’
117 3025 192 3068 tur,
214 3034 315 3074 quos
339 3023 527 3064 'collectos
549 3025 723 3064 invenies
754 3025 857 3077 apud
879 3026 1090 3077 Bergkium
1115 3027 1188 3065 An.
1216 3040 1255 3078 p.
1282 3024 1338 3065 34
1362 3039 1443 3076 seq.
1495 3026 1542 3065 cf.
1564 3026 1690 3076 Heph.
1713 3024 1772 3062 ed.
1800 3024 1845 3061 G.
