1910 3268
942 118 998 160 45

106 257 231 287 unum
256 244 442 298 conjungi
462 243 602 284 solent.
634 243 685 284 Ut
704 256 804 296 quae
824 243 873 283 ad
892 244 1109 296 potandum
1130 244 1298 284 excitant
1317 244 1490 284 carmina
1510 240 1550 283 6.
1571 241 1599 283 5
1621 240 1724 295 (μα’,
1741 241 1832 296 μβ)

107 312 166 353 sic
187 326 251 362 ea,
287 313 327 352 in
358 312 502 365 quibus
527 312 708 352 Bacchus
733 311 944 352 adveniens
972 311 1225 361 describitur,
1262 308 1331 353 26.
1353 309 1409 352 27
1429 307 1531 364 (μί,
1555 307 1640 364 μζ)
1662 313 1831 365 conjun-

107 385 265 432 guntur.
324 379 440 428 Quod
463 392 588 420 unum
608 384 731 420 exstat
758 379 863 432 apud
884 379 1127 432 Stephanum
1153 392 1311 419 carmen
1331 374 1387 419 58
1406 380 1454 419 de
1474 391 1566 419 rosa
1587 379 1831 429 celebranda,

107 441 157 488 εἰ
173 460 222 488 eo
250 447 291 487 in
311 436 490 488 Palatino
518 447 655 487 codice
684 447 762 488 duo
789 447 891 488 lacta
919 452 1014 488 sunt
1039 460 1128 487 sese
1159 447 1402 500 excipientia.
1462 447 1578 487 Casui
1605 447 1684 487 hoc
1713 446 1832 487 tribui

107 528 190 556 non
210 528 332 569 posse
352 515 464 556 facile
484 520 667 567 apparet,
696 515 766 555 sed
787 528 832 555 ex
851 514 907 554 rei
927 515 1052 567 ipsius
1071 521 1216 555 natura
1239 506 1468 568 *profectum
1488 519 1565 563 est3
1598 514 1831 568 antiquiori-

106 583 183 624 bus
219 582 324 623 enim
353 582 593 623 carminibus
623 582 795 631 seriora,
837 595 938 635 quae
969 582 1224 623 imitabantur
1253 595 1317 631 ea,
1365 588 1404 622 et
1435 582 1476 622 in
1514 582 1706 622 memoria
1746 582 1832 635 ipsa

107 650 333 701 canentium
372 649 638 690 adhaerebant
682 655 721 689 et
758 649 800 689 in
840 650 1129 690 conscribendo
1171 650 1486 703 apponebantur.
1559 650 1756 690 Duentzer
1793 649 1834 689 in

107 717 333 759 Zimmerm.
354 718 521 770 Ephem.
544 713 655 757 1838
678 731 719 769 p.
740 713 825 757 758
850 729 941 756 cum
967 717 1144 757 ordinem
1165 722 1203 757 et
1226 718 1331 770 apud
1352 718 1595 770 Stephanum
1626 723 1664 758 et
1683 718 1723 757 in
1744 717 1833 757 cod.

107 785 285 827 Palatino
306 785 439 825 multis
459 783 558 824 locis
578 784 746 824 eundem
765 784 967 834 inveniret,
991 786 1258 838 conjecturam
1277 785 1380 834 feeit,
1402 797 1502 837 quae
1521 785 1650 837 primo
1676 785 1834 838 quidem

107 857 270 906 aspectu
302 852 448 905 ingenii
477 852 602 893 aciem
636 864 732 904 prae
761 864 804 892 se
839 853 914 892 fert
941 852 1011 892 sed
1044 852 1139 892 falsa
1161 857 1277 904 atquc
1296 852 1424 892 inanis
1445 852 1561 904 plane
1585 857 1658 892 est.
1717 852 1836 892 Putat

72 908 74 911 V
107 919 213 962 enim
233 921 331 961 duas
352 919 603 961 collectiones
622 931 710 960 esse
732 919 1097 959 Anacreonteorum
1120 920 1162 959 in
1194 932 1316 960 unam
1342 921 1592 973 conjunctas,
1632 919 1792 961 alteram
1813 933 1835 960 a

106 987 252 1030 Basilio
281 989 443 1029 alteram
470 987 518 1028 ab
539 987 695 1028 Juliano
727 988 967 1037 confectam,
1002 988 1175 1040 priorem
1203 987 1402 1040 pertinere
1425 999 1552 1040 usque
1581 987 1631 1027 ad
1661 987 1725 1028 od.
1747 1003 1771 1027 κ
1794 987 1835 1028 in
1891 994 1895 998 '

108 1056 246 1098 codice
266 1056 443 1097 Palatino
470 1056 582 1108 eique
601 1055 843 1107 respondere
861 1055 1050 1108 Stephani
1071 1055 1134 1095 od.
1149 1055 1215 1095 IX.
1236 1055 1355 1095 XXII.
1373 1055 1468 1096 XVI.
1490 1055 1833 1106 XXIH-—XXVIL

107 1123 229 1164 modo
256 1116 425 1177 excipias
458 1123 523 1164 od.
557 1119 606 1171 δ’,
638 1118 714 1173 λδ’,
742 1118 819 1174 λη’,
850 1119 893 1163 ε’.
952 1122 1096 1163 Juliani
1127 1123 1358 1163 collectione
1394 1123 1588 1179 contineri
1623 1129 1736 1176 putat
1768 1124 1832 1164 od.

106 1186 279 1246 κγ’-’ν’
302 1197 459 1244 praeter
487 1187 562 1239 215‘,
595 1186 672 1242 λη’,
701 1186 783 1242 μγ’,
817 1185 898 1241 μζ,
926 1186 1006 1241 μς’,
1038 1191 1102 1231 cui
1129 1191 1398 1244 respondeant
1423 1190 1613 1243 Stephani
1643 1191 1859 1232 1-vl11,‘

106 1259 266 1300 XXXIII
290 1258 491 1300 —XLVIL
541 1259 629 1299 Jam
649 1258 833 1311 interjicit
868 1258 932 1297 od.
963 1254 1041 1309 xa‘,
1073 1255 1152 1309 κβ,
1177 1254 1398 1307 ·να’-νδ’,
1429 1270 1530 1312 quae
1550 1272 1572 1299 a
1596 1260 1731 1309 tertio,
1767 1260 1835 1312 qui

107 1326 242 1368 odaria
266 1326 493 1379 colligebat,
538 1326 688 1379 adjecta
720 1331 866 1366 censet.
913 1326 1023 1381 Quae
1058 1327 1240 1367 universa
1267 1326 1478 1366 consensio
1507 1325 1548 1367 in
1580 1326 1656 1367 hac
1680 1326 1835 1367 dissen-

107 1394 221 1435 sione
240 1394 393 1435 sitnon
413 1394 606 1445 intellig03
643 1398 734 1433 ante
755 1393 887 1434 omnia
908 1398 1059 1443 autem,
1101 1393 1303 1447 quomodo
1328 1394 1474 1434 sactum
1499 1394 1567 1443 sit,
1608 1399 1653 1433 ut
1681 1406 1833 1444 eorum,

107 1460 176 1515 qui
200 1461 438 1514 collegerint,
463 1460 668 1514 prooemia
687 1473 770 1500 non
791 1461 956 1506 alterum
977 1461 1088 1501 alteri
1106 1461 1209 1514 parti
1232 1457 1458 1514 praeposita
1478 1461 1558 1501 sint
1576 1461 1645 1501 sed
1669 1461 1832 1502 alterum

62 1529 158 1585 ‚fad
181 1528 346 1570 alterum
376 1529 575 1582 apposita,
615 1540 698 1590 nqn
735 1528 901 1581 explicat
925 1529 1132 1568 Duentzer.
1206 1528 1310 1577 Quin
1346 1528 1423 1581 ipsi
1456 1528 1588 1569 Basilii
1623 1533 1661 1568 et
1689 1528 1833 1568 Juliani

109 1597 384 1638 collectionum
410 1598 654 1638 confectores
677 1608 787 1636 mera
810 1595 964 1636 inventa
989 1602 1094 1636 sunt.
1564 1593 1566 1595 ’
1603 1596 1606 1599 ’
