<?xml version="1.0" encoding="UTF-8"?>
<!DOCTYPE html PUBLIC "-//W3C//DTD XHTML 1.0 Transitional//EN"
    "http://www.w3.org/TR/xhtml1/DTD/xhtml1-transitional.dtd">
<html xmlns="http://www.w3.org/1999/xhtml" xml:lang="en" lang="en">
 <head>
  <title>
</title>
<meta http-equiv="Content-Type" content="text/html;charset=utf-8" />
  <meta name='ocr-system' content='tesseract 3.04.00' />
  <meta name='ocr-capabilities' content='ocr_page ocr_carea ocr_par ocr_line ocrx_word'/>
</head>
<body>
  <div class='ocr_page' id='page_1' title='image "./quaestionumanacr00staruoft_0050.png"; bbox 0 0 1910 3268; ppageno 0'>
   <div class='ocr_carea' id='block_1_1' title="bbox 65 182 1802 1035">
    <p class='ocr_par' dir='ltr' id='par_1_1' title="bbox 899 182 954 223">
     <span class='ocr_line' id='line_1_1' title="bbox 899 182 954 223; baseline 0.073 -3"><span class='ocrx_word' id='word_1_1' title='bbox 899 182 954 223; x_wconf 84' lang='lat'><strong>:38</strong></span> 
     </span>
    </p>

    <p class='ocr_par' dir='ltr' id='par_1_2' title="bbox 65 304 1802 1035">
     <span class='ocr_line' id='line_1_2' title="bbox 67 304 1790 362; baseline 0.002 -18"><span class='ocrx_word' id='word_1_2' title='bbox 67 312 219 358; x_wconf 84' lang='lat' dir='ltr'><strong>spectu.</strong></span> <span class='ocrx_word' id='word_1_3' title='bbox 280 307 387 347; x_wconf 85' lang='lat' dir='ltr'><strong>Loco</strong></span> <span class='ocrx_word' id='word_1_4' title='bbox 423 308 475 347; x_wconf 89' lang='lat' dir='ltr'><strong>illi</strong></span> <span class='ocrx_word' id='word_1_5' title='bbox 510 309 583 348; x_wconf 82' lang='lat' dir='ltr'><strong>An.</strong></span> <span class='ocrx_word' id='word_1_6' title='bbox 619 307 646 348; x_wconf 88' lang='lat'>3</span> <span class='ocrx_word' id='word_1_7' title='bbox 681 306 794 360; x_wconf 77' lang='grc' dir='ltr'><strong>(λα’),</strong></span> <span class='ocrx_word' id='word_1_8' title='bbox 829 306 878 348; x_wconf 89' lang='lat'><strong>4:</strong></span> <span class='ocrx_word' id='word_1_9' title='bbox 914 304 1105 362; x_wconf 77' lang='grc' dir='ltr'>μερόπων</span> <span class='ocrx_word' id='word_1_10' title='bbox 1147 306 1190 347; x_wconf 76' lang='grc' dir='ltr'><strong>δὲ</strong></span> <span class='ocrx_word' id='word_1_11' title='bbox 1235 309 1346 361; x_wconf 69' lang='grc' dir='ltr'><em>φῦλα</em></span> <span class='ocrx_word' id='word_1_12' title='bbox 1382 304 1515 348; x_wconf 86' lang='grc' dir='ltr'><em>πάντα</em></span> <span class='ocrx_word' id='word_1_13' title='bbox 1551 308 1790 348; x_wconf 90' lang='lat' dir='ltr'><strong>simillimum</strong></span> 
     </span>
     <span class='ocr_line' id='line_1_3' title="bbox 68 371 1796 429; baseline 0.001 -17"><span class='ocrx_word' id='word_1_14' title='bbox 68 373 241 414; x_wconf 79' lang='lat' dir='ltr'>invenias</span> <span class='ocrx_word' id='word_1_15' title='bbox 267 375 371 426; x_wconf 89' lang='lat' dir='ltr'><strong>apud</strong></span> <span class='ocrx_word' id='word_1_16' title='bbox 397 375 668 427; x_wconf 87' lang='lat' dir='ltr'><strong>Sophronium</strong></span> <span class='ocrx_word' id='word_1_17' title='bbox 695 376 766 416; x_wconf 90' lang='lat' dir='ltr'><strong>Od.</strong></span> <span class='ocrx_word' id='word_1_18' title='bbox 793 376 822 425; x_wconf 87' lang='grc' dir='ltr'><strong>Ι,</strong></span> <span class='ocrx_word' id='word_1_19' title='bbox 849 373 925 416; x_wconf 85' lang='grc'><strong>19;</strong></span> <span class='ocrx_word' id='word_1_20' title='bbox 958 372 1150 429; x_wconf 81' lang='grc' dir='ltr'><em>μερόπων</em></span> <span class='ocrx_word' id='word_1_21' title='bbox 1175 371 1249 427; x_wconf 83' lang='grc' dir='ltr'><em>ὅλη</em></span> <span class='ocrx_word' id='word_1_22' title='bbox 1274 373 1461 428; x_wconf 77' lang='grc' dir='ltr'><strong>γενέθλη.</strong></span> <span class='ocrx_word' id='word_1_23' title='bbox 1503 375 1544 423; x_wconf 90' lang='lat' dir='ltr'><strong>V,</strong></span> <span class='ocrx_word' id='word_1_24' title='bbox 1571 372 1647 416; x_wconf 84' lang='lat'><strong>58:</strong></span> <span class='ocrx_word' id='word_1_25' title='bbox 1671 372 1796 427; x_wconf 81' lang='grc' dir='ltr'><em>μερό-</em></span> 
     </span>
     <span class='ocr_line' id='line_1_4' title="bbox 68 439 1795 496; baseline 0.002 -18"><span class='ocrx_word' id='word_1_26' title='bbox 68 442 304 480; x_wconf 81' lang='grc' dir='ltr'><em>πων-πᾶσα</em></span> <span class='ocrx_word' id='word_1_27' title='bbox 324 440 508 494; x_wconf 75' lang='grc' dir='ltr'><strong>γενέθλη.</strong></span> <span class='ocrx_word' id='word_1_28' title='bbox 543 443 621 490; x_wconf 90' lang='lat' dir='ltr'><strong>VII,</strong></span> <span class='ocrx_word' id='word_1_29' title='bbox 646 439 721 483; x_wconf 89' lang='lat'><strong>99:</strong></span> <span class='ocrx_word' id='word_1_30' title='bbox 746 444 908 495; x_wconf 76' lang='grc' dir='ltr'><em>βροτῶν</em></span> <span class='ocrx_word' id='word_1_31' title='bbox 925 444 1037 496; x_wconf 84' lang='grc' dir='ltr'><em>φῦλα</em></span> <span class='ocrx_word' id='word_1_32' title='bbox 1057 439 1205 483; x_wconf 83' lang='grc' dir='ltr'><em>πάντα.</em></span> <span class='ocrx_word' id='word_1_33' title='bbox 1241 443 1442 483; x_wconf 87' lang='lat' dir='ltr'><strong>Interdum</strong></span> <span class='ocrx_word' id='word_1_34' title='bbox 1466 456 1548 483; x_wconf 90' lang='lat' dir='ltr'><strong>non</strong></span> <span class='ocrx_word' id='word_1_35' title='bbox 1573 443 1795 491; x_wconf 83' lang='lat' dir='ltr'><strong>imitationi,</strong></span> 
     </span>
     <span class='ocr_line' id='line_1_5' title="bbox 67 509 1796 564; baseline 0.001 -16"><span class='ocrx_word' id='word_1_36' title='bbox 67 509 136 548; x_wconf 86' lang='lat' dir='ltr'><strong>sed</strong></span> <span class='ocrx_word' id='word_1_37' title='bbox 171 509 288 548; x_wconf 87' lang='lat' dir='ltr'><strong>unius</strong></span> <span class='ocrx_word' id='word_1_38' title='bbox 325 510 484 557; x_wconf 87' lang='lat' dir='ltr'><strong>aetatis,</strong></span> <span class='ocrx_word' id='word_1_39' title='bbox 524 511 572 558; x_wconf 76' lang='lat' dir='ltr'><strong>ad</strong></span> <span class='ocrx_word' id='word_1_40' title='bbox 605 523 724 562; x_wconf 89' lang='lat' dir='ltr'><strong>quam</strong></span> <span class='ocrx_word' id='word_1_41' title='bbox 759 516 796 551; x_wconf 91' lang='lat' dir='ltr'><strong>et</strong></span> <span class='ocrx_word' id='word_1_42' title='bbox 826 511 1041 563; x_wconf 86' lang='lat' dir='ltr'><strong>Sophronii</strong></span> <span class='ocrx_word' id='word_1_43' title='bbox 1076 511 1175 551; x_wconf 88' lang='lat' dir='ltr'><strong>odae</strong></span> <span class='ocrx_word' id='word_1_44' title='bbox 1208 516 1246 551; x_wconf 89' lang='lat' dir='ltr'><strong>et</strong></span> <span class='ocrx_word' id='word_1_45' title='bbox 1278 511 1549 551; x_wconf 89' lang='lat' dir='ltr'><strong>Anacreontea</strong></span> <span class='ocrx_word' id='word_1_46' title='bbox 1586 510 1796 564; x_wconf 77' lang='lat' dir='ltr'><strong>pertinent,</strong></span> 
     </span>
     <span class='ocr_line' id='line_1_6' title="bbox 67 574 1798 630; baseline 0.001 -15"><span class='ocrx_word' id='word_1_47' title='bbox 67 576 156 616; x_wconf 90' lang='lat' dir='ltr'><strong>usui</strong></span> <span class='ocrx_word' id='word_1_48' title='bbox 181 577 317 616; x_wconf 89' lang='lat' dir='ltr'><strong>eadem</strong></span> <span class='ocrx_word' id='word_1_49' title='bbox 344 577 499 616; x_wconf 87' lang='lat' dir='ltr'><strong>dicendi</strong></span> <span class='ocrx_word' id='word_1_50' title='bbox 522 577 622 618; x_wconf 88' lang='lat' dir='ltr'><strong>ratio</strong></span> <span class='ocrx_word' id='word_1_51' title='bbox 649 577 832 627; x_wconf 87' lang='lat' dir='ltr'><strong>debetur,</strong></span> <span class='ocrx_word' id='word_1_52' title='bbox 866 579 924 619; x_wconf 92' lang='lat' dir='ltr'><strong>sic</strong></span> <span class='ocrx_word' id='word_1_53' title='bbox 948 575 1067 629; x_wconf 87' lang='grc' dir='ltr'><em>νόμοι</em></span> <span class='ocrx_word' id='word_1_54' title='bbox 1093 579 1133 618; x_wconf 87' lang='lat' dir='ltr'><strong>S.</strong></span> <span class='ocrx_word' id='word_1_55' title='bbox 1161 578 1233 619; x_wconf 88' lang='lat' dir='ltr'><strong>Od.</strong></span> <span class='ocrx_word' id='word_1_56' title='bbox 1259 579 1306 627; x_wconf 88' lang='grc' dir='ltr'><strong>Π,</strong></span> <span class='ocrx_word' id='word_1_57' title='bbox 1331 574 1409 619; x_wconf 81' lang='lat'><strong>25:</strong></span> <span class='ocrx_word' id='word_1_58' title='bbox 1434 574 1586 629; x_wconf 88' lang='grc' dir='ltr'><em>νόμους</em></span> <span class='ocrx_word' id='word_1_59' title='bbox 1605 574 1798 630; x_wconf 74' lang='grc' dir='ltr'><strong><em>τεκούσης</em></strong></span> 
     </span>
     <span class='ocr_line' id='line_1_7' title="bbox 68 639 1800 699; baseline 0.002 -16"><span class='ocrx_word' id='word_1_60' title='bbox 68 644 141 683; x_wconf 89' lang='lat' dir='ltr'><strong>An.</strong></span> <span class='ocrx_word' id='word_1_61' title='bbox 175 640 250 692; x_wconf 88' lang='lat'><strong>49,</strong></span> <span class='ocrx_word' id='word_1_62' title='bbox 285 639 333 683; x_wconf 89' lang='lat'><strong>8:</strong></span> <span class='ocrx_word' id='word_1_63' title='bbox 386 640 539 694; x_wconf 88' lang='grc' dir='ltr'><em>νόμους</em></span> <span class='ocrx_word' id='word_1_64' title='bbox 573 641 801 699; x_wconf 78' lang='grc' dir='ltr'><em>φιλούντων</em></span> <span class='ocrx_word' id='word_1_65' title='bbox 852 651 920 687; x_wconf 88' lang='grc'><strong>3111</strong></span> <span class='ocrx_word' id='word_1_66' title='bbox 960 642 1116 699; x_wconf 73' lang='grc' dir='ltr'><em>γαλήνη</em></span> <span class='ocrx_word' id='word_1_67' title='bbox 1160 646 1348 686; x_wconf 78' lang='lat' dir='ltr'><strong>translate</strong></span> <span class='ocrx_word' id='word_1_68' title='bbox 1381 646 1528 686; x_wconf 89' lang='lat' dir='ltr'><strong>dictum</strong></span> <span class='ocrx_word' id='word_1_69' title='bbox 1563 646 1604 686; x_wconf 91' lang='lat' dir='ltr'><strong>S.</strong></span> <span class='ocrx_word' id='word_1_70' title='bbox 1642 647 1715 687; x_wconf 88' lang='lat' dir='ltr'><strong>Od.</strong></span> <span class='ocrx_word' id='word_1_71' title='bbox 1752 646 1800 694; x_wconf 87' lang='lat'><strong>11,</strong></span> 
     </span>
     <span class='ocr_line' id='line_1_8' title="bbox 65 707 1798 767; baseline 0.003 -17"><span class='ocrx_word' id='word_1_72' title='bbox 65 707 142 750; x_wconf 87' lang='lat'><strong>99:</strong></span> <span class='ocrx_word' id='word_1_73' title='bbox 176 707 334 763; x_wconf 78' lang='grc' dir='ltr'><em>γαλήνη</em></span> <span class='ocrx_word' id='word_1_74' title='bbox 359 712 494 763; x_wconf 73' lang='grc' dir='ltr'><em>γενὲης</em></span> <span class='ocrx_word' id='word_1_75' title='bbox 519 714 696 764; x_wconf 82' lang='grc' dir='ltr'><em>βροτῶν.</em></span> <span class='ocrx_word' id='word_1_76' title='bbox 737 714 796 763; x_wconf 89' lang='lat' dir='ltr'><strong>1V,</strong></span> <span class='ocrx_word' id='word_1_77' title='bbox 822 711 899 756; x_wconf 77' lang='lat'><strong>72:</strong></span> <span class='ocrx_word' id='word_1_78' title='bbox 936 710 1144 754; x_wconf 84' lang='grc' dir='ltr'><em>ἀπόλυσον</em></span> <span class='ocrx_word' id='word_1_79' title='bbox 1179 710 1220 753; x_wconf 70' lang='grc' dir='ltr'><em>ἐν</em></span> <span class='ocrx_word' id='word_1_80' title='bbox 1243 709 1413 767; x_wconf 77' lang='grc' dir='ltr'><em>γαλήνῃ.</em></span> <span class='ocrx_word' id='word_1_81' title='bbox 1457 714 1588 763; x_wconf 87' lang='lat' dir='ltr'>XVIII,</span> <span class='ocrx_word' id='word_1_82' title='bbox 1616 711 1690 755; x_wconf 82' lang='lat'><strong>11:</strong></span> <span class='ocrx_word' id='word_1_83' title='bbox 1724 711 1798 767; x_wconf 84' lang='grc' dir='ltr'><strong>τὴν</strong></span> 
     </span>
     <span class='ocr_line' id='line_1_9' title="bbox 68 775 1802 835; baseline 0.002 -18"><span class='ocrx_word' id='word_1_84' title='bbox 68 779 191 831; x_wconf 80' lang='grc' dir='ltr'><em>φίλην</em></span> <span class='ocrx_word' id='word_1_85' title='bbox 215 775 590 831; x_wconf 75' lang='grc' dir='ltr'><em>γαλήνην-δέδωκε</em></span> <span class='ocrx_word' id='word_1_86' title='bbox 611 777 755 835; x_wconf 82' lang='grc' dir='ltr'><em>κόσμῳ</em></span> <span class='ocrx_word' id='word_1_87' title='bbox 787 795 820 822; x_wconf 84' lang='grc' dir='ltr'><em>ν.</em></span> <span class='ocrx_word' id='word_1_88' title='bbox 850 778 915 822; x_wconf 88' lang='grc'><strong>15.</strong></span> <span class='ocrx_word' id='word_1_89' title='bbox 941 779 1010 822; x_wconf 84' lang='lat'><strong>59.</strong></span> <span class='ocrx_word' id='word_1_90' title='bbox 1037 778 1106 822; x_wconf 85' lang='grc'><strong>69.</strong></span> <span class='ocrx_word' id='word_1_91' title='bbox 1131 779 1186 821; x_wconf 87' lang='grc'><strong>73</strong></span> <span class='ocrx_word' id='word_1_92' title='bbox 1223 783 1271 822; x_wconf 84' lang='lat' dir='ltr'><strong>cf.</strong></span> <span class='ocrx_word' id='word_1_93' title='bbox 1298 782 1371 822; x_wconf 88' lang='lat' dir='ltr'><strong>An.</strong></span> <span class='ocrx_word' id='word_1_94' title='bbox 1398 778 1454 821; x_wconf 88' lang='grc'><strong>39</strong></span> <span class='ocrx_word' id='word_1_95' title='bbox 1481 777 1602 835; x_wconf 62' lang='lat' dir='ltr'><strong>(parf),</strong></span> <span class='ocrx_word' id='word_1_96' title='bbox 1629 778 1677 821; x_wconf 86' lang='lat'><strong>8:</strong></span> <span class='ocrx_word' id='word_1_97' title='bbox 1709 777 1802 833; x_wconf 84' lang='grc' dir='ltr'><em>βιό-</em></span> 
     </span>
     <span class='ocr_line' id='line_1_10' title="bbox 69 843 1802 899; baseline 0.002 -14"><span class='ocrx_word' id='word_1_98' title='bbox 69 861 141 885; x_wconf 85' lang='grc' dir='ltr'><strong>του</strong></span> <span class='ocrx_word' id='word_1_99' title='bbox 173 843 366 899; x_wconf 68' lang='grc' dir='ltr'><em>γαλήνην.</em></span> <span class='ocrx_word' id='word_1_100' title='bbox 425 847 507 888; x_wconf 88' lang='grc' dir='ltr'><strong>Η30</strong></span> <span class='ocrx_word' id='word_1_101' title='bbox 539 849 692 888; x_wconf 85' lang='lat' dir='ltr'><strong>ratione</strong></span> <span class='ocrx_word' id='word_1_102' title='bbox 727 850 872 890; x_wconf 87' lang='lat' dir='ltr'><strong>factum</strong></span> <span class='ocrx_word' id='word_1_103' title='bbox 898 856 968 899; x_wconf 90' lang='lat' dir='ltr'><strong>est,</strong></span> <span class='ocrx_word' id='word_1_104' title='bbox 1004 855 1048 890; x_wconf 90' lang='lat' dir='ltr'><strong>ut</strong></span> <span class='ocrx_word' id='word_1_105' title='bbox 1081 850 1364 890; x_wconf 72' lang='lat' dir='ltr'><strong>Anacreontion</strong></span> <span class='ocrx_word' id='word_1_106' title='bbox 1401 850 1576 890; x_wconf 88' lang='lat' dir='ltr'><strong>carmina</strong></span> <span class='ocrx_word' id='word_1_107' title='bbox 1610 863 1632 890; x_wconf 87' lang='lat' dir='ltr'><strong>a</strong></span> <span class='ocrx_word' id='word_1_108' title='bbox 1657 849 1802 890; x_wconf 81' lang='lat' dir='ltr'><strong>festivis</strong></span> 
     </span>
     <span class='ocr_line' id='line_1_11' title="bbox 69 915 1799 960; baseline 0.001 -6"><span class='ocrx_word' id='word_1_109' title='bbox 69 915 458 956; x_wconf 83' lang='lat' dir='ltr'><strong>commissationibus</strong></span> <span class='ocrx_word' id='word_1_110' title='bbox 485 921 644 956; x_wconf 88' lang='lat' dir='ltr'><strong>avocata</strong></span> <span class='ocrx_word' id='word_1_111' title='bbox 669 917 873 958; x_wconf 85' lang='lat' dir='ltr'><strong>sententiis</strong></span> <span class='ocrx_word' id='word_1_112' title='bbox 900 916 1152 958; x_wconf 87' lang='lat' dir='ltr'><strong>commutatis</strong></span> <span class='ocrx_word' id='word_1_113' title='bbox 1189 922 1423 960; x_wconf 79' lang='lat' dir='ltr'><strong>cancrentur</strong></span> <span class='ocrx_word' id='word_1_114' title='bbox 1446 916 1486 956; x_wconf 90' lang='lat' dir='ltr'><strong>in</strong></span> <span class='ocrx_word' id='word_1_115' title='bbox 1512 917 1680 958; x_wconf 90' lang='lat' dir='ltr'><strong>austeris</strong></span> <span class='ocrx_word' id='word_1_116' title='bbox 1706 929 1799 957; x_wconf 87' lang='lat' dir='ltr'><strong>coe-</strong></span> 
     </span>
     <span class='ocr_line' id='line_1_12' title="bbox 70 983 1729 1035; baseline 0.001 -14"><span class='ocrx_word' id='word_1_117' title='bbox 70 983 199 1022; x_wconf 88' lang='lat' dir='ltr'><strong>nobiis</strong></span> <span class='ocrx_word' id='word_1_118' title='bbox 226 990 340 1035; x_wconf 83' lang='lat' dir='ltr'><strong>atque</strong></span> <span class='ocrx_word' id='word_1_119' title='bbox 366 983 542 1023; x_wconf 88' lang='lat' dir='ltr'><strong>ecclesiis</strong></span> <span class='ocrx_word' id='word_1_120' title='bbox 567 984 616 1023; x_wconf 92' lang='lat' dir='ltr'><strong>ad</strong></span> <span class='ocrx_word' id='word_1_121' title='bbox 641 985 765 1025; x_wconf 90' lang='lat' dir='ltr'><strong>Deum</strong></span> <span class='ocrx_word' id='word_1_122' title='bbox 791 998 1006 1033; x_wconf 88' lang='lat' dir='ltr'><strong>summum,</strong></span> <span class='ocrx_word' id='word_1_123' title='bbox 1035 985 1247 1032; x_wconf 83' lang='lat' dir='ltr'><strong>Christum,</strong></span> <span class='ocrx_word' id='word_1_124' title='bbox 1275 984 1435 1024; x_wconf 87' lang='lat' dir='ltr'><strong>Mariam</strong></span> <span class='ocrx_word' id='word_1_125' title='bbox 1462 984 1729 1025; x_wconf 85' lang='lat' dir='ltr'><strong>celebrandas.</strong></span> 
     </span>
    </p>
   </div>
   <div class='ocr_carea' id='block_1_2' title="bbox 874 1129 988 1184">
    <p class='ocr_par' dir='ltr' id='par_1_3' title="bbox 874 1129 988 1184">
     <span class='ocr_line' id='line_1_13' title="bbox 874 1129 988 1184; baseline -0.009 -13"><span class='ocrx_word' id='word_1_126' title='bbox 874 1129 912 1184; x_wconf 69' lang='grc' dir='ltr'><strong>ς.</strong></span> <span class='ocrx_word' id='word_1_127' title='bbox 947 1129 988 1170; x_wconf 87' lang='grc'><strong>4.</strong></span> 
     </span>
    </p>
   </div>
   <div class='ocr_carea' id='block_1_3' title="bbox 403 1231 1465 1275">
    <p class='ocr_par' dir='ltr' id='par_1_4' title="bbox 403 1231 1465 1275">
     <span class='ocr_line' id='line_1_14' title="bbox 403 1231 1465 1275; baseline 0 -11"><span class='ocrx_word' id='word_1_128' title='bbox 403 1233 450 1265; x_wconf 82' lang='grc'><strong>1)0</strong></span> <span class='ocrx_word' id='word_1_129' title='bbox 477 1232 775 1265; x_wconf 73' lang='lat' dir='ltr'><strong>Anacreonteoruiu</strong></span> <span class='ocrx_word' id='word_1_130' title='bbox 801 1231 1054 1265; x_wconf 83' lang='lat' dir='ltr'><strong>collectionibus</strong></span> <span class='ocrx_word' id='word_1_131' title='bbox 1081 1243 1258 1275; x_wconf 84' lang='lat' dir='ltr'><strong>earumque</strong></span> <span class='ocrx_word' id='word_1_132' title='bbox 1285 1233 1465 1264; x_wconf 84' lang='lat' dir='ltr'><strong>codicibus.</strong></span> 
     </span>
    </p>
   </div>
   <div class='ocr_carea' id='block_1_4' title="bbox 52 1323 1802 3064">
    <p class='ocr_par' dir='ltr' id='par_1_5' title="bbox 70 1323 1797 2053">
     <span class='ocr_line' id='line_1_15' title="bbox 182 1323 1797 1376; baseline -0.001 -13"><span class='ocrx_word' id='word_1_133' title='bbox 182 1325 292 1371; x_wconf 83' lang='lat' dir='ltr'><strong>Quae</strong></span> <span class='ocrx_word' id='word_1_134' title='bbox 325 1335 433 1363; x_wconf 91' lang='lat' dir='ltr'><strong>nunc</strong></span> <span class='ocrx_word' id='word_1_135' title='bbox 467 1329 592 1364; x_wconf 86' lang='lat' dir='ltr'><strong>exstat</strong></span> <span class='ocrx_word' id='word_1_136' title='bbox 614 1324 978 1363; x_wconf 86' lang='lat' dir='ltr'><strong>Anacreonteorum</strong></span> <span class='ocrx_word' id='word_1_137' title='bbox 1014 1323 1211 1372; x_wconf 85' lang='lat' dir='ltr'><strong>collectio,</strong></span> <span class='ocrx_word' id='word_1_138' title='bbox 1248 1324 1404 1363; x_wconf 89' lang='lat' dir='ltr'><strong>duobus</strong></span> <span class='ocrx_word' id='word_1_139' title='bbox 1431 1337 1475 1364; x_wconf 84' lang='lat' dir='ltr'><strong>ex</strong></span> <span class='ocrx_word' id='word_1_140' title='bbox 1501 1324 1676 1364; x_wconf 86' lang='lat' dir='ltr'><strong>fontibus</strong></span> <span class='ocrx_word' id='word_1_141' title='bbox 1701 1336 1797 1376; x_wconf 87' lang='lat' dir='ltr'><strong>pro-</strong></span> 
     </span>
     <span class='ocr_line' id='line_1_16' title="bbox 72 1390 1796 1444; baseline -0.001 -12"><span class='ocrx_word' id='word_1_142' title='bbox 72 1395 170 1432; x_wconf 81' lang='lat' dir='ltr'><strong>secta</strong></span> <span class='ocrx_word' id='word_1_143' title='bbox 195 1398 271 1441; x_wconf 90' lang='lat' dir='ltr'><strong>est,</strong></span> <span class='ocrx_word' id='word_1_144' title='bbox 306 1391 356 1431; x_wconf 88' lang='lat' dir='ltr'><strong>ad</strong></span> <span class='ocrx_word' id='word_1_145' title='bbox 381 1404 481 1444; x_wconf 85' lang='lat' dir='ltr'><strong>quos</strong></span> <span class='ocrx_word' id='word_1_146' title='bbox 507 1391 733 1444; x_wconf 86' lang='lat' dir='ltr'><strong>quicunque</strong></span> <span class='ocrx_word' id='word_1_147' title='bbox 758 1391 932 1431; x_wconf 85' lang='lat' dir='ltr'><strong>criticam</strong></span> <span class='ocrx_word' id='word_1_148' title='bbox 959 1397 1082 1431; x_wconf 88' lang='lat' dir='ltr'><strong>artem</strong></span> <span class='ocrx_word' id='word_1_149' title='bbox 1108 1396 1279 1441; x_wconf 83' lang='lat' dir='ltr'><strong>exercet,</strong></span> <span class='ocrx_word' id='word_1_150' title='bbox 1307 1391 1468 1431; x_wconf 86' lang='lat' dir='ltr'><strong>redibit:</strong></span> <span class='ocrx_word' id='word_1_151' title='bbox 1505 1391 1601 1431; x_wconf 86' lang='lat' dir='ltr'><strong>alter</strong></span> <span class='ocrx_word' id='word_1_152' title='bbox 1625 1397 1685 1431; x_wconf 89' lang='lat' dir='ltr'><strong>est</strong></span> <span class='ocrx_word' id='word_1_153' title='bbox 1708 1390 1796 1430; x_wconf 84' lang='lat' dir='ltr'><strong>Ste-</strong></span> 
     </span>
     <span class='ocr_line' id='line_1_17' title="bbox 70 1458 1794 1512; baseline -0.001 -13"><span class='ocrx_word' id='word_1_154' title='bbox 70 1460 190 1512; x_wconf 88' lang='lat' dir='ltr'><strong>phani</strong></span> <span class='ocrx_word' id='word_1_155' title='bbox 215 1459 332 1499; x_wconf 88' lang='lat' dir='ltr'><strong>editio</strong></span> <span class='ocrx_word' id='word_1_156' title='bbox 357 1459 543 1512; x_wconf 89' lang='lat' dir='ltr'><strong>princeps</strong></span> <span class='ocrx_word' id='word_1_157' title='bbox 567 1473 602 1499; x_wconf 92' lang='lat' dir='ltr'><strong>a.</strong></span> <span class='ocrx_word' id='word_1_158' title='bbox 630 1459 803 1507; x_wconf 87' lang='lat' dir='ltr'><strong>MDLlV,</strong></span> <span class='ocrx_word' id='word_1_159' title='bbox 839 1459 935 1498; x_wconf 88' lang='lat' dir='ltr'><strong>alter</strong></span> <span class='ocrx_word' id='word_1_160' title='bbox 961 1459 1083 1498; x_wconf 84' lang='lat' dir='ltr'><strong>codex</strong></span> <span class='ocrx_word' id='word_1_161' title='bbox 1107 1459 1306 1499; x_wconf 86' lang='lat' dir='ltr'><strong>Palatinus</strong></span> <span class='ocrx_word' id='word_1_162' title='bbox 1331 1458 1590 1510; x_wconf 81' lang='lat' dir='ltr'><strong>Anthologiae</strong></span> <span class='ocrx_word' id='word_1_163' title='bbox 1620 1471 1794 1510; x_wconf 84' lang='lat' dir='ltr'><strong>graecae,</strong></span> 
     </span>
     <span class='ocr_line' id='line_1_18' title="bbox 71 1525 1791 1580; baseline -0.001 -13"><span class='ocrx_word' id='word_1_164' title='bbox 71 1528 183 1580; x_wconf 84' lang='lat' dir='ltr'><strong>cujus</strong></span> <span class='ocrx_word' id='word_1_165' title='bbox 208 1527 444 1579; x_wconf 84' lang='lat' dir='ltr'><strong>scripturam</strong></span> <span class='ocrx_word' id='word_1_166' title='bbox 470 1535 508 1566; x_wconf 82' lang='lat' dir='ltr'><strong>et</strong></span> <span class='ocrx_word' id='word_1_167' title='bbox 535 1526 698 1578; x_wconf 88' lang='lat' dir='ltr'><strong>Spaletti</strong></span> <span class='ocrx_word' id='word_1_168' title='bbox 729 1532 766 1566; x_wconf 89' lang='lat' dir='ltr'><strong>et</strong></span> <span class='ocrx_word' id='word_1_169' title='bbox 792 1526 1033 1578; x_wconf 87' lang='lat' dir='ltr'><strong>Levesquius</strong></span> <span class='ocrx_word' id='word_1_170' title='bbox 1068 1531 1363 1579; x_wconf 86' lang='lat' dir='ltr'><strong>repraesentare</strong></span> <span class='ocrx_word' id='word_1_171' title='bbox 1388 1526 1625 1566; x_wconf 89' lang='lat' dir='ltr'><strong>studuerunt</strong></span> <span class='ocrx_word' id='word_1_172' title='bbox 1648 1525 1791 1566; x_wconf 87' lang='lat' dir='ltr'><strong>editio·</strong></span> 
     </span>
     <span class='ocr_line' id='line_1_19' title="bbox 71 1593 1793 1647; baseline -0.001 -13"><span class='ocrx_word' id='word_1_173' title='bbox 71 1595 188 1634; x_wconf 86' lang='lat' dir='ltr'><strong>nibus</strong></span> <span class='ocrx_word' id='word_1_174' title='bbox 213 1607 331 1647; x_wconf 87' lang='lat' dir='ltr'><strong>quam</strong></span> <span class='ocrx_word' id='word_1_175' title='bbox 357 1594 614 1646; x_wconf 84' lang='lat' dir='ltr'><strong>religiossime</strong></span> <span class='ocrx_word' id='word_1_176' title='bbox 638 1606 876 1646; x_wconf 85' lang='lat' dir='ltr'><strong>expressam.</strong></span> <span class='ocrx_word' id='word_1_177' title='bbox 926 1593 1149 1646; x_wconf 85' lang='lat' dir='ltr'><strong>Stephanus</strong></span> <span class='ocrx_word' id='word_1_178' title='bbox 1175 1593 1332 1646; x_wconf 90' lang='lat' dir='ltr'><strong>quidem</strong></span> <span class='ocrx_word' id='word_1_179' title='bbox 1367 1606 1449 1633; x_wconf 91' lang='lat' dir='ltr'><strong>non</strong></span> <span class='ocrx_word' id='word_1_180' title='bbox 1475 1605 1520 1633; x_wconf 89' lang='lat' dir='ltr'><strong>ex</strong></span> <span class='ocrx_word' id='word_1_181' title='bbox 1538 1606 1619 1634; x_wconf 92' lang='lat' dir='ltr'><strong>uno</strong></span> <span class='ocrx_word' id='word_1_182' title='bbox 1656 1606 1699 1633; x_wconf 91' lang='lat' dir='ltr'><strong>se</strong></span> <span class='ocrx_word' id='word_1_183' title='bbox 1723 1606 1793 1633; x_wconf 92' lang='lat' dir='ltr'><strong>co-</strong></span> 
     </span>
     <span class='ocr_line' id='line_1_20' title="bbox 72 1658 1792 1715; baseline 0 -13"><span class='ocrx_word' id='word_1_184' title='bbox 72 1662 157 1702; x_wconf 88' lang='lat' dir='ltr'><strong>dice</strong></span> <span class='ocrx_word' id='word_1_185' title='bbox 180 1662 360 1702; x_wconf 86' lang='lat' dir='ltr'><strong>hausisse</strong></span> <span class='ocrx_word' id='word_1_186' title='bbox 384 1663 592 1714; x_wconf 86' lang='lat' dir='ltr'><strong>profitetur</strong></span> <span class='ocrx_word' id='word_1_187' title='bbox 615 1663 685 1702; x_wconf 90' lang='lat' dir='ltr'><strong>sed</strong></span> <span class='ocrx_word' id='word_1_188' title='bbox 711 1676 753 1702; x_wconf 86' lang='lat' dir='ltr'><strong>cx</strong></span> <span class='ocrx_word' id='word_1_189' title='bbox 779 1662 936 1702; x_wconf 79' lang='lat' dir='ltr'><strong>(luobus</strong></span> <span class='ocrx_word' id='word_1_190' title='bbox 963 1662 1010 1702; x_wconf 83' lang='lat' dir='ltr'><strong>cf.</strong></span> <span class='ocrx_word' id='word_1_191' title='bbox 1037 1662 1097 1702; x_wconf 89' lang='lat' dir='ltr'><strong>ed.</strong></span> <span class='ocrx_word' id='word_1_192' title='bbox 1124 1662 1172 1702; x_wconf 92' lang='lat' dir='ltr'><strong>IV</strong></span> <span class='ocrx_word' id='word_1_193' title='bbox 1195 1675 1234 1714; x_wconf 88' lang='lat' dir='ltr'><strong>p.</strong></span> <span class='ocrx_word' id='word_1_194' title='bbox 1261 1658 1362 1710; x_wconf 77' lang='grc'><strong>200,</strong></span> <span class='ocrx_word' id='word_1_195' title='bbox 1390 1661 1458 1701; x_wconf 84' lang='lat' dir='ltr'><strong>ubi</strong></span> <span class='ocrx_word' id='word_1_196' title='bbox 1480 1667 1574 1714; x_wconf 88' lang='lat' dir='ltr'><strong>post</strong></span> <span class='ocrx_word' id='word_1_197' title='bbox 1597 1662 1792 1715; x_wconf 57' lang='lat' dir='ltr'><strong>quinqua-‘-</strong></span> 
     </span>
     <span class='ocr_line' id='line_1_21' title="bbox 72 1729 1793 1782; baseline 0 -13"><span class='ocrx_word' id='word_1_198' title='bbox 72 1730 176 1781; x_wconf 80' lang='lat' dir='ltr'><strong>ginta</strong></span> <span class='ocrx_word' id='word_1_199' title='bbox 211 1734 381 1782; x_wconf 88' lang='lat' dir='ltr'><strong>quatuor</strong></span> <span class='ocrx_word' id='word_1_200' title='bbox 413 1730 585 1769; x_wconf 88' lang='lat' dir='ltr'><strong>carmina</strong></span> <span class='ocrx_word' id='word_1_201' title='bbox 624 1730 763 1770; x_wconf 86' lang='lat' dir='ltr'><strong>transit</strong></span> <span class='ocrx_word' id='word_1_202' title='bbox 794 1730 843 1770; x_wconf 87' lang='lat' dir='ltr'><strong>ad</strong></span> <span class='ocrx_word' id='word_1_203' title='bbox 875 1730 969 1778; x_wconf 85' lang='lat' dir='ltr'><strong>alia,</strong></span> <span class='ocrx_word' id='word_1_204' title='bbox 1005 1742 1104 1782; x_wconf 90' lang='lat' dir='ltr'><strong>quae</strong></span> <span class='ocrx_word' id='word_1_205' title='bbox 1135 1730 1211 1782; x_wconf 90' lang='lat' dir='ltr'><strong>ipsi</strong></span> <span class='ocrx_word' id='word_1_206' title='bbox 1245 1729 1376 1769; x_wconf 90' lang='lat' dir='ltr'><strong>minus</strong></span> <span class='ocrx_word' id='word_1_207' title='bbox 1413 1729 1581 1780; x_wconf 88' lang='lat' dir='ltr'><strong>genuina</strong></span> <span class='ocrx_word' id='word_1_208' title='bbox 1613 1729 1793 1770; x_wconf 85' lang='lat' dir='ltr'><strong>videntur</strong></span> 
     </span>
     <span class='ocr_line' id='line_1_22' title="bbox 71 1792 1794 1850; baseline -0.001 -13"><span class='ocrx_word' id='word_1_209' title='bbox 71 1810 181 1838; x_wconf 82' lang='lat' dir='ltr'><strong>esse:</strong></span> <span class='ocrx_word' id='word_1_210' title='bbox 234 1794 285 1837; x_wconf 78' lang='grc' dir='ltr'><em>τὰ</em></span> <span class='ocrx_word' id='word_1_211' title='bbox 319 1796 394 1848; x_wconf 72' lang='grc' dir='ltr'><em>μὲν</em></span> <span class='ocrx_word' id='word_1_212' title='bbox 428 1797 469 1837; x_wconf 74' lang='grc' dir='ltr'><em>ἐν</em></span> <span class='ocrx_word' id='word_1_213' title='bbox 503 1803 585 1844; x_wconf 82' lang='grc' dir='ltr'><em>τοῖς</em></span> <span class='ocrx_word' id='word_1_214' title='bbox 619 1794 828 1849; x_wconf 75' lang='grc' dir='ltr'><em>ἡμετέροις</em></span> <span class='ocrx_word' id='word_1_215' title='bbox 859 1794 1119 1850; x_wconf 71' lang='grc' dir='ltr'><em>ἀντιγράφοις</em></span> <span class='ocrx_word' id='word_1_216' title='bbox 1158 1794 1263 1849; x_wconf 77' lang='grc' dir='ltr'><em>μετὰ</em></span> <span class='ocrx_word' id='word_1_217' title='bbox 1298 1798 1379 1836; x_wconf 77' lang='grc' dir='ltr'><strong>τῶν</strong></span> <span class='ocrx_word' id='word_1_218' title='bbox 1419 1798 1571 1836; x_wconf 82' lang='grc' dir='ltr'><em>λοιπῶν</em></span> <span class='ocrx_word' id='word_1_219' title='bbox 1601 1792 1794 1848; x_wconf 62' lang='grc' dir='ltr'><em>εὑρόμην.</em></span> 
     </span>
     <span class='ocr_line' id='line_1_23' title="bbox 71 1864 1792 1917; baseline 0 -12"><span class='ocrx_word' id='word_1_220' title='bbox 71 1865 215 1913; x_wconf 88' lang='lat' dir='ltr'><strong>Quales</strong></span> <span class='ocrx_word' id='word_1_221' title='bbox 240 1871 369 1905; x_wconf 86' lang='lat' dir='ltr'><strong>autem</strong></span> <span class='ocrx_word' id='word_1_222' title='bbox 396 1866 435 1905; x_wconf 91' lang='lat' dir='ltr'><strong>hi</strong></span> <span class='ocrx_word' id='word_1_223' title='bbox 461 1866 604 1905; x_wconf 81' lang='lat' dir='ltr'><strong>suerint</strong></span> <span class='ocrx_word' id='word_1_224' title='bbox 636 1865 793 1904; x_wconf 90' lang='lat' dir='ltr'><strong>codices</strong></span> <span class='ocrx_word' id='word_1_225' title='bbox 823 1877 905 1904; x_wconf 90' lang='lat' dir='ltr'><strong>non</strong></span> <span class='ocrx_word' id='word_1_226' title='bbox 930 1865 1121 1913; x_wconf 89' lang='lat' dir='ltr'><strong>declarat,</strong></span> <span class='ocrx_word' id='word_1_227' title='bbox 1158 1864 1235 1904; x_wconf 91' lang='lat' dir='ltr'><strong>nisi</strong></span> <span class='ocrx_word' id='word_1_228' title='bbox 1259 1865 1364 1917; x_wconf 84' lang='lat' dir='ltr'><strong>quod</strong></span> <span class='ocrx_word' id='word_1_229' title='bbox 1399 1864 1447 1904; x_wconf 88' lang='lat' dir='ltr'><strong>ad</strong></span> <span class='ocrx_word' id='word_1_230' title='bbox 1481 1865 1650 1917; x_wconf 88' lang='lat' dir='ltr'><strong>primam</strong></span> <span class='ocrx_word' id='word_1_231' title='bbox 1675 1864 1792 1905; x_wconf 87' lang='lat' dir='ltr'><strong>odam</strong></span> 
     </span>
     <span class='ocr_line' id='line_1_24' title="bbox 72 1931 1794 1991; baseline 0 -19"><span class='ocrx_word' id='word_1_232' title='bbox 72 1934 168 1973; x_wconf 84' lang='grc'><strong>11300</strong></span> <span class='ocrx_word' id='word_1_233' title='bbox 192 1938 374 1973; x_wconf 88' lang='lat' dir='ltr'><strong>annotat:</strong></span> <span class='ocrx_word' id='word_1_234' title='bbox 412 1933 478 1982; x_wconf 85' lang='lat' dir='ltr'><strong>„in</strong></span> <span class='ocrx_word' id='word_1_235' title='bbox 513 1932 635 1972; x_wconf 87' lang='lat' dir='ltr'><strong>altero</strong></span> <span class='ocrx_word' id='word_1_236' title='bbox 671 1932 949 1991; x_wconf 86' lang='lat' dir='ltr'><strong>exemplarium</strong></span> <span class='ocrx_word' id='word_1_237' title='bbox 983 1932 1170 1972; x_wconf 90' lang='lat' dir='ltr'><strong>nimirum</strong></span> <span class='ocrx_word' id='word_1_238' title='bbox 1205 1932 1246 1971; x_wconf 93' lang='lat' dir='ltr'><strong>in</strong></span> <span class='ocrx_word' id='word_1_239' title='bbox 1271 1945 1317 1971; x_wconf 89' lang='lat' dir='ltr'><strong>eo</strong></span> <span class='ocrx_word' id='word_1_240' title='bbox 1349 1932 1456 1984; x_wconf 89' lang='lat' dir='ltr'><strong>quod</strong></span> <span class='ocrx_word' id='word_1_241' title='bbox 1479 1931 1521 1971; x_wconf 92' lang='lat' dir='ltr'><strong>in</strong></span> <span class='ocrx_word' id='word_1_242' title='bbox 1543 1932 1644 1972; x_wconf 90' lang='lat' dir='ltr'><strong>libro</strong></span> <span class='ocrx_word' id='word_1_243' title='bbox 1669 1932 1708 1972; x_wconf 85' lang='lat' dir='ltr'><strong>id</strong></span> <span class='ocrx_word' id='word_1_244' title='bbox 1733 1937 1794 1972; x_wconf 88' lang='lat' dir='ltr'><strong>est</strong></span> 
     </span>
     <span class='ocr_line' id='line_1_25' title="bbox 73 1999 1426 2053; baseline 0 -14"><span class='ocrx_word' id='word_1_245' title='bbox 73 2001 247 2049; x_wconf 87' lang='lat' dir='ltr'><strong>„cortice</strong></span> <span class='ocrx_word' id='word_1_246' title='bbox 271 2000 461 2052; x_wconf 87' lang='lat' dir='ltr'><strong>scriptum</strong></span> <span class='ocrx_word' id='word_1_247' title='bbox 489 2000 615 2053; x_wconf 89' lang='lat' dir='ltr'><strong>reperi</strong></span> <span class='ocrx_word' id='word_1_248' title='bbox 639 2000 810 2053; x_wconf 88' lang='lat' dir='ltr'><strong>primum</strong></span> <span class='ocrx_word' id='word_1_249' title='bbox 834 2000 966 2040; x_wconf 93' lang='lat' dir='ltr'><strong>locum</strong></span> <span class='ocrx_word' id='word_1_250' title='bbox 994 2005 1164 2052; x_wconf 89' lang='lat' dir='ltr'><strong>occupat</strong></span> <span class='ocrx_word' id='word_1_251' title='bbox 1188 1999 1286 2039; x_wconf 89' lang='grc'><strong>11300</strong></span> <span class='ocrx_word' id='word_1_252' title='bbox 1310 2000 1426 2040; x_wconf 88' lang='lat' dir='ltr'><strong>oda.“</strong></span> 
     </span>
    </p>

    <p class='ocr_par' dir='ltr' id='par_1_6' title="bbox 71 2067 1801 2728">
     <span class='ocr_line' id='line_1_26' title="bbox 184 2067 1791 2120; baseline 0.001 -14"><span class='ocrx_word' id='word_1_253' title='bbox 184 2068 260 2116; x_wconf 80' lang='lat' dir='ltr'><strong>Qui</strong></span> <span class='ocrx_word' id='word_1_254' title='bbox 286 2067 407 2107; x_wconf 89' lang='lat' dir='ltr'><strong>codex</strong></span> <span class='ocrx_word' id='word_1_255' title='bbox 433 2080 528 2107; x_wconf 91' lang='lat' dir='ltr'><strong>num</strong></span> <span class='ocrx_word' id='word_1_256' title='bbox 553 2080 727 2120; x_wconf 88' lang='lat' dir='ltr'><strong>unquam</strong></span> <span class='ocrx_word' id='word_1_257' title='bbox 755 2068 952 2116; x_wconf 87' lang='lat' dir='ltr'><strong>exstiterit,</strong></span> <span class='ocrx_word' id='word_1_258' title='bbox 978 2068 1187 2108; x_wconf 87' lang='lat' dir='ltr'><strong>maximam</strong></span> <span class='ocrx_word' id='word_1_259' title='bbox 1211 2067 1389 2108; x_wconf 89' lang='lat' dir='ltr'><strong>excitavit</strong></span> <span class='ocrx_word' id='word_1_260' title='bbox 1402 2067 1687 2108; x_wconf 88' lang='lat' dir='ltr'><strong>dubitationem</strong></span> <span class='ocrx_word' id='word_1_261' title='bbox 1711 2068 1791 2107; x_wconf 90' lang='lat' dir='ltr'><strong>Ro-</strong></span> 
     </span>
     <span class='ocr_line' id='line_1_27' title="bbox 72 2132 1793 2188; baseline 0.001 -13"><span class='ocrx_word' id='word_1_262' title='bbox 72 2136 259 2175; x_wconf 85' lang='lat' dir='ltr'><strong>hortellus</strong></span> <span class='ocrx_word' id='word_1_263' title='bbox 284 2135 333 2174; x_wconf 91' lang='lat' dir='ltr'><strong>de</strong></span> <span class='ocrx_word' id='word_1_264' title='bbox 358 2141 440 2174; x_wconf 85' lang='lat' dir='ltr'><strong>arte</strong></span> <span class='ocrx_word' id='word_1_265' title='bbox 466 2135 598 2174; x_wconf 89' lang='lat' dir='ltr'><strong>critica</strong></span> <span class='ocrx_word' id='word_1_266' title='bbox 624 2149 662 2188; x_wconf 92' lang='lat' dir='ltr'><strong>p.</strong></span> <span class='ocrx_word' id='word_1_267' title='bbox 681 2132 749 2184; x_wconf 79' lang='lat'><strong>26,</strong></span> <span class='ocrx_word' id='word_1_268' title='bbox 775 2140 892 2188; x_wconf 89' lang='lat' dir='ltr'><strong>atque</strong></span> <span class='ocrx_word' id='word_1_269' title='bbox 918 2135 1091 2176; x_wconf 90' lang='lat' dir='ltr'><strong>carmina</strong></span> <span class='ocrx_word' id='word_1_270' title='bbox 1115 2135 1247 2187; x_wconf 89' lang='lat' dir='ltr'><strong>potius</strong></span> <span class='ocrx_word' id='word_1_271' title='bbox 1267 2136 1316 2175; x_wconf 91' lang='lat' dir='ltr'><strong>ad</strong></span> <span class='ocrx_word' id='word_1_272' title='bbox 1333 2135 1578 2187; x_wconf 89' lang='lat' dir='ltr'><strong>Stephanum</strong></span> <span class='ocrx_word' id='word_1_273' title='bbox 1603 2148 1721 2188; x_wconf 90' lang='lat' dir='ltr'><strong>quam</strong></span> <span class='ocrx_word' id='word_1_274' title='bbox 1746 2136 1793 2176; x_wconf 90' lang='lat' dir='ltr'><strong>ad</strong></span> 
     </span>
     <span class='ocr_line' id='line_1_28' title="bbox 71 2202 1797 2255; baseline 0 -12"><span class='ocrx_word' id='word_1_275' title='bbox 71 2204 357 2243; x_wconf 82' lang='lat' dir='ltr'><strong>Anacreontem</strong></span> <span class='ocrx_word' id='word_1_276' title='bbox 383 2207 585 2242; x_wconf 86' lang='lat' dir='ltr'><strong>auctorem</strong></span> <span class='ocrx_word' id='word_1_277' title='bbox 610 2203 812 2243; x_wconf 87' lang='lat' dir='ltr'><strong>reserenda</strong></span> <span class='ocrx_word' id='word_1_278' title='bbox 831 2216 917 2242; x_wconf 91' lang='lat' dir='ltr'><strong>esse</strong></span> <span class='ocrx_word' id='word_1_279' title='bbox 942 2203 1107 2243; x_wconf 89' lang='lat' dir='ltr'><strong>censuit.</strong></span> <span class='ocrx_word' id='word_1_280' title='bbox 1158 2202 1259 2251; x_wconf 86' lang='lat' dir='ltr'><strong>Quid</strong></span> <span class='ocrx_word' id='word_1_281' title='bbox 1275 2208 1404 2242; x_wconf 89' lang='lat' dir='ltr'><strong>autem</strong></span> <span class='ocrx_word' id='word_1_282' title='bbox 1419 2202 1655 2255; x_wconf 86' lang='lat' dir='ltr'><strong>inscriptum</strong></span> <span class='ocrx_word' id='word_1_283' title='bbox 1680 2203 1797 2243; x_wconf 87' lang='lat' dir='ltr'><strong>fuerit</strong></span> 
     </span>
     <span class='ocr_line' id='line_1_29' title="bbox 72 2268 1796 2323; baseline -0.001 -12"><span class='ocrx_word' id='word_1_284' title='bbox 72 2271 111 2311; x_wconf 90' lang='lat' dir='ltr'><strong>in</strong></span> <span class='ocrx_word' id='word_1_285' title='bbox 138 2271 274 2310; x_wconf 88' lang='lat' dir='ltr'><strong>codice</strong></span> <span class='ocrx_word' id='word_1_286' title='bbox 298 2270 363 2309; x_wconf 93' lang='lat' dir='ltr'><strong>illo</strong></span> <span class='ocrx_word' id='word_1_287' title='bbox 390 2269 630 2310; x_wconf 87' lang='lat' dir='ltr'><strong>carminibus</strong></span> <span class='ocrx_word' id='word_1_288' title='bbox 656 2283 736 2310; x_wconf 91' lang='lat' dir='ltr'><strong>non</strong></span> <span class='ocrx_word' id='word_1_289' title='bbox 762 2270 857 2310; x_wconf 88' lang='lat' dir='ltr'><strong>satis</strong></span> <span class='ocrx_word' id='word_1_290' title='bbox 881 2270 1023 2323; x_wconf 79' lang='lat' dir='ltr'><strong>liquet3</strong></span> <span class='ocrx_word' id='word_1_291' title='bbox 1060 2270 1349 2323; x_wconf 87' lang='lat' dir='ltr'><strong>Stephanianus</strong></span> <span class='ocrx_word' id='word_1_292' title='bbox 1385 2269 1498 2310; x_wconf 87' lang='lat' dir='ltr'><strong>enim&#39;</strong></span> <span class='ocrx_word' id='word_1_293' title='bbox 1523 2270 1657 2310; x_wconf 88' lang='lat' dir='ltr'><strong>titulus</strong></span> <span class='ocrx_word' id='word_1_294' title='bbox 1674 2268 1796 2310; x_wconf 83' lang='grc' dir='ltr'><em>Ἀνα-</em></span> 
     </span>
     <span class='ocr_line' id='line_1_30' title="bbox 73 2337 1795 2391; baseline 0.001 -14"><span class='ocrx_word' id='word_1_295' title='bbox 73 2337 258 2391; x_wconf 86' lang='grc' dir='ltr'><em>κρέοντος</em></span> <span class='ocrx_word' id='word_1_296' title='bbox 287 2338 414 2389; x_wconf 85' lang='grc' dir='ltr'><em>Τη·ι”ου</em></span> <span class='ocrx_word' id='word_1_297' title='bbox 438 2337 542 2389; x_wconf 82' lang='grc' dir='ltr'><em>μέλη</em></span> <span class='ocrx_word' id='word_1_298' title='bbox 567 2338 678 2378; x_wconf 86' lang='lat' dir='ltr'><strong>facile</strong></span> <span class='ocrx_word' id='word_1_299' title='bbox 692 2338 892 2390; x_wconf 87' lang='lat' dir='ltr'><strong>Stephano</strong></span> <span class='ocrx_word' id='word_1_300' title='bbox 920 2337 995 2390; x_wconf 91' lang='lat' dir='ltr'><strong>ipsi</strong></span> <span class='ocrx_word' id='word_1_301' title='bbox 1007 2338 1183 2377; x_wconf 87' lang='lat' dir='ltr'><strong>debetur.</strong></span> <span class='ocrx_word' id='word_1_302' title='bbox 1233 2338 1363 2385; x_wconf 86' lang='lat' dir='ltr'><strong>Quare</strong></span> <span class='ocrx_word' id='word_1_303' title='bbox 1386 2337 1480 2377; x_wconf 91' lang='lat' dir='ltr'><strong>huic</strong></span> <span class='ocrx_word' id='word_1_304' title='bbox 1503 2338 1660 2390; x_wconf 89' lang='lat' dir='ltr'><strong>quidem</strong></span> <span class='ocrx_word' id='word_1_305' title='bbox 1684 2337 1795 2378; x_wconf 89' lang='lat' dir='ltr'><strong>testi-</strong></span> 
     </span>
     <span class='ocr_line' id='line_1_31' title="bbox 72 2405 1797 2457; baseline -0.001 -11"><span class='ocrx_word' id='word_1_306' title='bbox 72 2405 207 2446; x_wconf 88' lang='lat' dir='ltr'><strong>monio</strong></span> <span class='ocrx_word' id='word_1_307' title='bbox 233 2405 337 2446; x_wconf 92' lang='lat' dir='ltr'><strong>nulla</strong></span> <span class='ocrx_word' id='word_1_308' title='bbox 363 2406 576 2447; x_wconf 88' lang='lat' dir='ltr'><strong>auctoritas</strong></span> <span class='ocrx_word' id='word_1_309' title='bbox 601 2405 720 2445; x_wconf 88' lang='lat' dir='ltr'><strong>tribui</strong></span> <span class='ocrx_word' id='word_1_310' title='bbox 745 2410 889 2457; x_wconf 89' lang='lat' dir='ltr'><strong>potest.</strong></span> <span class='ocrx_word' id='word_1_311' title='bbox 941 2406 991 2444; x_wconf 87' lang='lat' dir='ltr'><strong>At</strong></span> <span class='ocrx_word' id='word_1_312' title='bbox 1014 2418 1141 2457; x_wconf 84' lang='lat' dir='ltr'><strong>nuper</strong></span> <span class='ocrx_word' id='word_1_313' title='bbox 1177 2405 1319 2444; x_wconf 85' lang='lat' dir='ltr'><strong>exstitit</strong></span> <span class='ocrx_word' id='word_1_314' title='bbox 1341 2405 1399 2444; x_wconf 88' lang='lat' dir='ltr'><strong>vir</strong></span> <span class='ocrx_word' id='word_1_315' title='bbox 1433 2405 1574 2445; x_wconf 90' lang='lat' dir='ltr'><strong>doctus</strong></span> <span class='ocrx_word' id='word_1_316' title='bbox 1598 2405 1797 2445; x_wconf 83' lang='lat' dir='ltr'><strong>Hofmann</strong></span> 
     </span>
     <span class='ocr_line' id='line_1_32' title="bbox 73 2470 1795 2526; baseline 0.001 -14"><span class='ocrx_word' id='word_1_317' title='bbox 73 2473 301 2525; x_wconf 87' lang='lat' dir='ltr'><strong>Peerlkamp</strong></span> <span class='ocrx_word' id='word_1_318' title='bbox 328 2473 367 2513; x_wconf 91' lang='lat' dir='ltr'><strong>in</strong></span> <span class='ocrx_word' id='word_1_319' title='bbox 392 2474 489 2514; x_wconf 83' lang='lat' dir='ltr'><strong>Nov.</strong></span> <span class='ocrx_word' id='word_1_320' title='bbox 505 2474 590 2514; x_wconf 87' lang='lat' dir='ltr'><strong>Act.</strong></span> <span class='ocrx_word' id='word_1_321' title='bbox 608 2474 699 2514; x_wconf 87' lang='lat' dir='ltr'><strong>Soc.</strong></span> <span class='ocrx_word' id='word_1_322' title='bbox 715 2472 985 2526; x_wconf 86' lang='lat' dir='ltr'><strong>Rheno-Traj.</strong></span> <span class='ocrx_word' id='word_1_323' title='bbox 1004 2474 1034 2513; x_wconf 94' lang='lat' dir='ltr'><strong>I.</strong></span> <span class='ocrx_word' id='word_1_324' title='bbox 1060 2486 1099 2525; x_wconf 89' lang='lat' dir='ltr'><strong>p.</strong></span> <span class='ocrx_word' id='word_1_325' title='bbox 1118 2470 1211 2521; x_wconf 78' lang='lat'><strong>121,</strong></span> <span class='ocrx_word' id='word_1_326' title='bbox 1239 2472 1305 2525; x_wconf 90' lang='lat' dir='ltr'><strong>qui</strong></span> <span class='ocrx_word' id='word_1_327' title='bbox 1319 2472 1463 2512; x_wconf 90' lang='lat' dir='ltr'><strong>librum</strong></span> <span class='ocrx_word' id='word_1_328' title='bbox 1483 2472 1795 2523; x_wconf 87' lang='lat' dir='ltr'><strong>manuscriptum</strong></span> 
     </span>
     <span class='ocr_line' id='line_1_33' title="bbox 73 2539 1801 2593; baseline 0.001 -14"><span class='ocrx_word' id='word_1_329' title='bbox 73 2540 262 2593; x_wconf 88' lang='lat' dir='ltr'><strong>Stephani</strong></span> <span class='ocrx_word' id='word_1_330' title='bbox 297 2541 491 2593; x_wconf 85' lang='lat' dir='ltr'><strong>reperisse</strong></span> <span class='ocrx_word' id='word_1_331' title='bbox 526 2541 601 2581; x_wconf 85' lang='lat' dir='ltr'><strong>sihi</strong></span> <span class='ocrx_word' id='word_1_332' title='bbox 643 2541 816 2589; x_wconf 61' lang='lat' dir='ltr'><strong>videtum</strong></span> <span class='ocrx_word' id='word_1_333' title='bbox 871 2540 1076 2580; x_wconf 89' lang='lat' dir='ltr'><strong>audiamus</strong></span> <span class='ocrx_word' id='word_1_334' title='bbox 1111 2553 1224 2580; x_wconf 91' lang='lat' dir='ltr'><strong>eum:</strong></span> <span class='ocrx_word' id='word_1_335' title='bbox 1261 2539 1538 2592; x_wconf 88' lang='lat' dir='ltr'><strong>„Stephanum</strong></span> <span class='ocrx_word' id='word_1_336' title='bbox 1580 2540 1687 2581; x_wconf 87' lang='lat' dir='ltr'><strong>bona</strong></span> <span class='ocrx_word' id='word_1_337' title='bbox 1720 2540 1801 2580; x_wconf 76' lang='lat' dir='ltr'><strong>fide.</strong></span> 
     </span>
     <span class='ocr_line' id='line_1_34' title="bbox 73 2607 1797 2661; baseline 0.001 -15"><span class='ocrx_word' id='word_1_338' title='bbox 73 2607 227 2659; x_wconf 82' lang='lat' dir='ltr'><strong>„egisse</strong></span> <span class='ocrx_word' id='word_1_339' title='bbox 250 2608 345 2647; x_wconf 89' lang='lat' dir='ltr'><strong>mihi</strong></span> <span class='ocrx_word' id='word_1_340' title='bbox 371 2609 565 2661; x_wconf 88' lang='lat' dir='ltr'><strong>apparuit,</strong></span> <span class='ocrx_word' id='word_1_341' title='bbox 592 2609 657 2661; x_wconf 88' lang='lat' dir='ltr'><strong>qui</strong></span> <span class='ocrx_word' id='word_1_342' title='bbox 683 2621 757 2648; x_wconf 91' lang='lat' dir='ltr'><strong>ms.</strong></span> <span class='ocrx_word' id='word_1_343' title='bbox 784 2607 957 2655; x_wconf 86' lang='lat' dir='ltr'><strong>viderim,</strong></span> <span class='ocrx_word' id='word_1_344' title='bbox 983 2620 1028 2647; x_wconf 87' lang='lat' dir='ltr'><strong>ex</strong></span> <span class='ocrx_word' id='word_1_345' title='bbox 1052 2620 1130 2660; x_wconf 91' lang='lat' dir='ltr'><strong>quo</strong></span> <span class='ocrx_word' id='word_1_346' title='bbox 1156 2620 1268 2648; x_wconf 90' lang='lat' dir='ltr'><strong>suam</strong></span> <span class='ocrx_word' id='word_1_347' title='bbox 1293 2607 1356 2647; x_wconf 91' lang='lat' dir='ltr'><strong>ille</strong></span> <span class='ocrx_word' id='word_1_348' title='bbox 1380 2607 1590 2648; x_wconf 90' lang='lat' dir='ltr'><strong>editionem</strong></span> <span class='ocrx_word' id='word_1_349' title='bbox 1617 2607 1797 2648; x_wconf 81' lang='lat' dir='ltr'><strong>confecit.</strong></span> 
     </span>
     <span class='ocr_line' id='line_1_35' title="bbox 73 2674 1796 2728; baseline 0 -14"><span class='ocrx_word' id='word_1_350' title='bbox 73 2675 184 2723; x_wconf 91' lang='lat' dir='ltr'><strong>„Hoc</strong></span> <span class='ocrx_word' id='word_1_351' title='bbox 219 2688 339 2727; x_wconf 89' lang='lat' dir='ltr'><strong>opera</strong></span> <span class='ocrx_word' id='word_1_352' title='bbox 375 2676 612 2715; x_wconf 91' lang='lat' dir='ltr'><strong>nobilissimi</strong></span> <span class='ocrx_word' id='word_1_353' title='bbox 637 2676 818 2728; x_wconf 79' lang='lat' dir='ltr'><strong>Vemperi</strong></span> <span class='ocrx_word' id='word_1_354' title='bbox 853 2688 897 2715; x_wconf 91' lang='lat' dir='ltr'><strong>ex</strong></span> <span class='ocrx_word' id='word_1_355' title='bbox 927 2674 1026 2715; x_wconf 89' lang='lat' dir='ltr'><strong>Bihl.</strong></span> <span class='ocrx_word' id='word_1_356' title='bbox 1061 2674 1170 2714; x_wconf 89' lang='lat' dir='ltr'><strong>Leid.</strong></span> <span class='ocrx_word' id='word_1_357' title='bbox 1202 2675 1391 2715; x_wconf 90' lang='lat' dir='ltr'><strong>utendum</strong></span> <span class='ocrx_word' id='word_1_358' title='bbox 1425 2674 1558 2716; x_wconf 86' lang='lat' dir='ltr'><strong>habui.</strong></span> <span class='ocrx_word' id='word_1_359' title='bbox 1631 2675 1796 2715; x_wconf 87' lang='lat' dir='ltr'><strong>Constat</strong></span> 
     </span>
    </p>

    <p class='ocr_par' dir='ltr' id='par_1_7' title="bbox 52 2740 1802 3064">
     <span class='ocr_line' id='line_1_36' title="bbox 52 2740 1798 2795; baseline -0.001 -13"><span class='ocrx_word' id='word_1_360' title='bbox 52 2742 253 2794; x_wconf 84' lang='lat' dir='ltr'><strong>.„paginis</strong></span> <span class='ocrx_word' id='word_1_361' title='bbox 290 2743 370 2782; x_wconf 89' lang='lat' dir='ltr'><strong>sere</strong></span> <span class='ocrx_word' id='word_1_362' title='bbox 404 2744 508 2783; x_wconf 92' lang='lat' dir='ltr'>XXII</span> <span class='ocrx_word' id='word_1_363' title='bbox 542 2744 668 2783; x_wconf 88' lang='lat' dir='ltr'><strong>forma</strong></span> <span class='ocrx_word' id='word_1_364' title='bbox 711 2748 861 2795; x_wconf 89' lang='lat' dir='ltr'><strong>quarta.</strong></span> <span class='ocrx_word' id='word_1_365' title='bbox 930 2744 974 2782; x_wconf 90' lang='lat' dir='ltr'><strong>In</strong></span> <span class='ocrx_word' id='word_1_366' title='bbox 1010 2743 1138 2782; x_wconf 83' lang='lat' dir='ltr'><strong>fronte</strong></span> <span class='ocrx_word' id='word_1_367' title='bbox 1172 2742 1313 2794; x_wconf 85' lang='lat' dir='ltr'><strong>legitur</strong></span> <span class='ocrx_word' id='word_1_368' title='bbox 1342 2740 1627 2795; x_wconf 81' lang='grc' dir='ltr'><em>Ἀνακρέοντος</em></span> <span class='ocrx_word' id='word_1_369' title='bbox 1670 2741 1798 2793; x_wconf 72' lang='grc' dir='ltr'><em>Τηΐου</em></span> 
     </span>
     <span class='ocr_line' id='line_1_37' title="bbox 73 2806 1798 2864; baseline 0.001 -16"><span class='ocrx_word' id='word_1_370' title='bbox 73 2808 372 2860; x_wconf 76' lang='grc' dir='ltr'><em>,,Συμποσιάκα</em></span> <span class='ocrx_word' id='word_1_371' title='bbox 398 2806 628 2862; x_wconf 74' lang='grc' dir='ltr'><em>ἡμιΐαμβα·</em></span> <span class='ocrx_word' id='word_1_372' title='bbox 661 2813 797 2862; x_wconf 81' lang='grc' dir='ltr'><em>κτῆμα</em></span> <span class='ocrx_word' id='word_1_373' title='bbox 822 2807 980 2864; x_wconf 76' lang='grc' dir='ltr'><em>ἐῤῥίκου</em></span> <span class='ocrx_word' id='word_1_374' title='bbox 1007 2806 1236 2863; x_wconf 71' lang='grc' dir='ltr'><em>Στεφάνου.</em></span> <span class='ocrx_word' id='word_1_375' title='bbox 1296 2810 1382 2850; x_wconf 81' lang='lat' dir='ltr'><strong>Huc</strong></span> <span class='ocrx_word' id='word_1_376' title='bbox 1408 2810 1499 2850; x_wconf 86' lang='lat' dir='ltr'><strong>illuc</strong></span> <span class='ocrx_word' id='word_1_377' title='bbox 1523 2809 1679 2849; x_wconf 79' lang='lat' dir='ltr'><strong>notulas</strong></span> <span class='ocrx_word' id='word_1_378' title='bbox 1705 2823 1798 2849; x_wconf 81' lang='lat' dir='ltr'><strong>suas</strong></span> 
     </span>
     <span class='ocr_line' id='line_1_38' title="bbox 74 2877 1797 2930; baseline -0.001 -12"><span class='ocrx_word' id='word_1_379' title='bbox 74 2877 298 2930; x_wconf 68' lang='lat' dir='ltr'><strong>„adspersit</strong></span> <span class='ocrx_word' id='word_1_380' title='bbox 331 2878 487 2918; x_wconf 87' lang='lat' dir='ltr'><strong>easdem</strong></span> <span class='ocrx_word' id='word_1_381' title='bbox 524 2879 603 2918; x_wconf 85' lang='lat' dir='ltr'><strong>fere</strong></span> <span class='ocrx_word' id='word_1_382' title='bbox 640 2891 738 2930; x_wconf 88' lang='lat' dir='ltr'><strong>quas</strong></span> <span class='ocrx_word' id='word_1_383' title='bbox 772 2882 913 2930; x_wconf 90' lang='lat' dir='ltr'><strong>postea</strong></span> <span class='ocrx_word' id='word_1_384' title='bbox 949 2890 1038 2919; x_wconf 88' lang='lat' dir='ltr'><strong>cum</strong></span> <span class='ocrx_word' id='word_1_385' title='bbox 1086 2878 1236 2917; x_wconf 86' lang='lat' dir='ltr'><strong>literata</strong></span> <span class='ocrx_word' id='word_1_386' title='bbox 1280 2877 1434 2917; x_wconf 89' lang='lat' dir='ltr'><strong>civitate</strong></span> <span class='ocrx_word' id='word_1_387' title='bbox 1478 2877 1797 2917; x_wconf 86' lang='lat' dir='ltr'><strong>communicavit.</strong></span> 
     </span>
     <span class='ocr_line' id='line_1_39' title="bbox 74 2941 1800 2999; baseline 0.001 -16"><span class='ocrx_word' id='word_1_388' title='bbox 74 2945 282 2999; x_wconf 49' lang='lat' dir='ltr'><strong>„Carmina</strong></span> <span class='ocrx_word' id='word_1_389' title='bbox 320 2958 458 2997; x_wconf 80' lang='lat' dir='ltr'><strong>graeca</strong></span> <span class='ocrx_word' id='word_1_390' title='bbox 495 2945 690 2998; x_wconf 89' lang='lat' dir='ltr'><strong>incipiunt</strong></span> <span class='ocrx_word' id='word_1_391' title='bbox 723 2945 771 2985; x_wconf 91' lang='lat' dir='ltr'><strong>ab</strong></span> <span class='ocrx_word' id='word_1_392' title='bbox 804 2943 1026 2999; x_wconf 77' lang='grc' dir='ltr'><em>Ἀνακρέων</em></span> <span class='ocrx_word' id='word_1_393' title='bbox 1061 2941 1159 2984; x_wconf 73' lang='grc' dir='ltr'><em>ἰδών</em></span> <span class='ocrx_word' id='word_1_394' title='bbox 1194 2960 1258 2995; x_wconf 79' lang='grc' dir='ltr'><strong>με.</strong></span> <span class='ocrx_word' id='word_1_395' title='bbox 1328 2944 1430 2984; x_wconf 88' lang='lat' dir='ltr'><strong>Hinc</strong></span> <span class='ocrx_word' id='word_1_396' title='bbox 1474 2949 1512 2984; x_wconf 90' lang='lat' dir='ltr'><strong>et</strong></span> <span class='ocrx_word' id='word_1_397' title='bbox 1559 2958 1602 2985; x_wconf 89' lang='lat' dir='ltr'><strong>ex</strong></span> <span class='ocrx_word' id='word_1_398' title='bbox 1650 2944 1800 2996; x_wconf 85' lang='lat' dir='ltr'><strong>reliquo</strong></span> 
     </span>
     <span class='ocr_line' id='line_1_40' title="bbox 74 3011 1802 3064; baseline -0.001 -9"><span class='ocrx_word' id='word_1_399' title='bbox 74 3026 236 3059; x_wconf 60' lang='lat' dir='ltr'><strong>„corum</strong></span> <span class='ocrx_word' id='word_1_400' title='bbox 274 3013 411 3052; x_wconf 80' lang='lat' dir='ltr'><strong>ordine</strong></span> <span class='ocrx_word' id='word_1_401' title='bbox 445 3018 600 3053; x_wconf 73' lang='lat' dir='ltr'><strong>constat</strong></span> <span class='ocrx_word' id='word_1_402' title='bbox 624 3013 867 3064; x_wconf 80' lang='lat' dir='ltr'><strong>Stephanum</strong></span> <span class='ocrx_word' id='word_1_403' title='bbox 904 3013 1187 3053; x_wconf 83' lang='lat' dir='ltr'><strong>Anacreontica</strong></span> <span class='ocrx_word' id='word_1_404' title='bbox 1223 3012 1479 3064; x_wconf 85' lang='lat' dir='ltr'><strong>descripsisse</strong></span> <span class='ocrx_word' id='word_1_405' title='bbox 1529 3026 1572 3052; x_wconf 87' lang='lat' dir='ltr'><strong>ex</strong></span> <span class='ocrx_word' id='word_1_406' title='bbox 1609 3012 1696 3051; x_wconf 91' lang='lat' dir='ltr'><strong>cod.</strong></span> <span class='ocrx_word' id='word_1_407' title='bbox 1721 3011 1802 3053; x_wconf 87' lang='lat' dir='ltr'><strong>Vat.</strong></span> 
     </span>
    </p>
   </div>
  </div>
 </body>
</html>
