1910 3268
87 352 180 391 levis
207 359 270 403 qn
262 353 410 400 ledani,
433 365 514 391 non
535 351 748 391 admodum
765 351 963 391 elaborata
979 349 1300 389 enunciationum
1315 348 1557 400 conjunctio.
1606 348 1807 388 Enuncia-

87 418 217 458 tiones
243 419 475 483 plerumque
500 424 566 459 aut
590 430 661 469 per
686 416 730 458 δὲ
754 419 1049 471 conjunguntur
1074 418 1121 456 cf.
1149 417 1203 463 ΙΙ,
1229 414 1269 456 7.
1294 413 1334 456 9.
1359 413 1424 455 10.
1460 416 1524 463 IV,
1558 413 1597 456 2.
1624 416 1674 464 V,
1701 412 1741 455 1.
1767 411 1808 454 3.

88 491 186 534 etc„
223 487 334 538 cujus
346 483 448 524 loco
474 486 520 525 fr.
545 485 624 525 V.II
658 483 752 524 ἰδὲ
742 485 917 525 lonicum
942 485 1158 533 invenitur,
1203 496 1331 536 neque
1364 483 1507 523 desunt
1535 483 1710 535 exempla
1742 481 1812 522 ubi

36 587 40 592 ,
88 518 277 604 particula
303 567 344 592 τε
371 558 635 592 annectuntur
664 554 709 592 fr.
736 552 865 594 XXIV.
899 552 1066 592 XXVIII.
1095 557 1162 591 aut
1184 563 1266 604 per
1278 549 1352 602 μέν
1377 550 1443 600 δὲ,
1480 549 1524 590 δὲ
1558 551 1677 591 altera
1700 549 1810 589 alteri

84 620 305 671 opponitin
328 620 374 659 fr.
402 620 468 667 ΙΙΙ,
497 617 535 660 1.
539 617 601 662 2.
627 618 666 660 3.
693 620 772 669 VII,
800 618 837 660 1.
860 618 900 661 2.
927 620 1003 669 XV,
1026 617 1066 659 6.
1092 615 1131 659 8.
1157 618 1252 667 XVI,
1272 615 1309 658 1.
1332 616 1371 658 2.
1397 619 1497 668 XIX,
1517 612 1810 658 3.12.9.10.
1889 651 1893 654 .

87 687 183 735 XLI,
211 684 248 726 1.
275 684 313 727 2.
339 685 379 727 3.
415 687 531 736 XLII,
559 685 599 729 2.
636 688 753 730 LXII
780 686 818 727 3.
845 685 887 728 4.
924 687 1086 736 LXXIV,
1113 684 1150 726 1.
1186 686 1349 727 LXXVL
1378 686 1545 734 LXXIX
1572 683 1612 725 3.
1636 682 1677 725 4.
1703 683 1811 731 XCV,
1855 722 1857 725 .

86 752 124 794 2.
163 755 399 806 Magno-pere
414 755 569 796 adamat
594 761 724 795 autem
748 761 866 808 poeta
887 755 1183 795 enunciationes
1202 753 1506 802 confirmativas,
1529 752 1696 793 maxime
1713 763 1814 804 quae

87 835 158 874 per
180 820 257 875 γὰρ
283 822 545 870 inducuntur,
579 823 828 875 interponere
851 822 990 862 mediis
1016 821 1378 870 enunciationibus,
1411 821 1530 860 verbo
1554 820 1666 860 finito
1690 819 1813 858 inter-

88 890 181 929 dum
197 889 346 929 omisso
374 890 421 930 cf.
437 890 612 931 XXXIX:
638 886 1037 942 ὃΜεγίστης-δέκα
1063 888 1122 942 δὴ
1147 891 1307 941 μῆνες
1333 888 1503 929 ἐπείτε
1529 887 1812 939 στεφανοῦται.

86 957 161 1006 XV,
187 953 227 997 6.
255 970 347 1010 squ:
373 953 398 1008 ἦ
426 956 462 996 ὸ’
488 956 596 997 ἐστὶν
619 955 714 1010 γὰρ
743 955 893 997 ἀπὸ-
916 956 1101 1008 Λέσβου,
1126 954 1201 1009 τὴν
1225 953 1354 1008 κόμην
1379 952 1537 1008 λεύκη
1567 953 1661 1009 γὰρ
1687 968 1814 994 κατα-

85 1025 304 1078 μέμφεται.
354 1025 454 1065 LVI:
499 1024 597 1077 φίλη
630 1023 705 1077 γὰρ
731 1020 767 1065 εἶ
798 1024 945 1073 ξένοις·
981 1022 1100 1065 ἔασον
1136 1024 1181 1064 δέ
1211 1027 1427 1076 με-πιεΐνς
1461 1023 1626 1064 verbum
1657 1022 1813 1062 finitum

31 1124 40 1132 .
88 1092 280 1132 omissum
305 1105 465 1144 quoque
485 1093 613 1141 LXIV,
629 1089 668 1132 5.
685 1091 829 1132 LXXV.
856 1093 913 1132 Ad
939 1105 1082 1133 novam
1096 1093 1330 1132 sententiam
1347 1089 1622 1139 inducendam,
1647 1089 1816 1130 maxime

89 1160 136 1212 ad
161 1159 315 1199 animos
342 1159 566 1199 excitandos
582 1157 686 1209 ἀλλὰ
703 1160 921 1209 adhibetur,
949 1172 1030 1199 non
1045 1165 1258 1212 praeeunte
1277 1153 1529 1212 oppositione
1545 1157 1596 1197 cf.
1615 1156 1676 1196 VI.
1701 1155 1812 1195 LXV.

87 1227 217 1267 Unum
242 1231 394 1266 tantum
420 1232 544 1267 exstat
563 1227 781 1280 exemplum
809 1218 1097 1268 enunciationis
1123 1227 1380 1267 secundariae
1398 1225 1605 1278 (protasis)
1632 1224 1674 1264 in
1691 1236 1815 1276 eaque

90 1294 277 1346 temporis
305 1294 538 1344 significatio
563 1295 666 1335 inest
687 1295 864 1335 LXXXI:
898 1288 985 1335 εὖτε
1009 1318 1066 1323 -
1091 1292 1411 1346 ἅναμεμΐξονται
1441 1292 1583 1346 τρίχες.
1631 1292 1677 1332 In
1701 1301 1813 1331 com-

87 1361 292 1414 paratione
315 1361 555 1403 instituenda
580 1368 618 1402 et
642 1362 834 1415 particula
859 1359 962 1404 ὥστε
992 1362 1116 1402 utitur
1138 1367 1256 1414 poeta
1278 1363 1325 1402 cf.
1351 1361 1470 1409 XLV,
1496 1359 1574 1409 XC,
1601 1372 1701 1412 quae
1725 1359 1813 1411 qui-

88 1431 176 1470 dem
202 1429 323 1482 epicis
339 1429 518 1478 maxime,
544 1430 800 1470 nihilominus
825 1430 1022 1470 interdum
1047 1430 1151 1482 apud
1175 1430 1324 1469 Atticos
1343 1429 1396 1469 ita
1419 1432 1634 1480 usurpatur
1658 1427 1708 1467 cf.
1732 1426 1814 1466 Lo-

86 1497 187 1537 beek
212 1497 260 1538 ad
285 1497 430 1549 Phryn.
456 1510 495 1549 p.
520 1494 618 1536 426.
655 1502 693 1537 et
715 1498 918 1550 particulis
954 1491 1018 1537 οἶα
1044 1512 1085 1537 τε
1110 1497 1226 1549 plane
1258 1495 1470 1536 homericis
1505 1495 1638 1535 XLIX.
1686 1494 1815 1547 Asyn—

89 1565 268 1605 ‹letorum
295 1565 470 1616 exempla
496 1577 578 1604 non
602 1564 719 1616 plane
743 1565 903 1614 desunt,
939 1564 1107 1605 maxime
1139 1563 1180 1603 in
1213 1562 1550 1604 exhortationihus
1576 1562 1623 1602 ΙΙ.
1649 1561 1686 1601 1:
1721 1574 1817 1613 γου-

87 1631 240 1683 νοῦμαί
260 1647 304 1672 σε
334 1655 382 1659 —-
408 1629 508 1684 ἣκου
534 1655 590 1660 --
615 1628 839 1685 ἓσκαθόρα.
864 1632 964 1673 LXI.
991 1632 1160 1672 LXXIX.

199 1700 470 1740 Anacreontea
496 1700 669 1740 earmina
693 1706 1006 1753 perscrutantem
1029 1701 1124 1752 quin
1150 1711 1305 1739 summa
1323 1699 1387 1739 illa
1413 1698 1691 1750 asyndetorum
1711 1697 1815 1737 mul-

87 1767 212 1807 titudo
240 1766 414 1806 offendat
436 1767 520 1807 fieri
545 1780 627 1807 non
651 1772 784 1820 potest
815 1768 862 1807 cf.
891 1763 954 1807 od.
982 1765 1005 1806 1
1021 1763 1148 1819 (κγ’),
1176 1763 1215 1806 5.
1244 1762 1310 1805 10.
1332 1763 1360 1805 2
1387 1760 1484 1818 (κδ’)
1506 1762 1551 1805 ’3.
1577 1762 1617 1805 5.
1643 1762 1684 1805 7.
1705 1761 1746 1805 8.
1789 1762 1816 1805 3

91 1831 192 1887 (λα’),
217 1831 257 1874 8.
283 1831 324 1873 9.
352 1831 420 1874 14.
446 1831 514 1874 21.
550 1831 579 1874 4
606 1830 692 1888 (λ’),
720 1831 787 1876 11.
815 1832 880 1875 16.
917 1833 942 1875 5
968 1830 1091 1887 (μβ),
1117 1831 1156 1873 3.
1179 1830 1222 1873 6.
1250 1830 1316 1874 12.
1340 1830 1415 1882 13;
1441 1833 1510 1872 sed
1534 1833 1815 1886 quid-enume-

86 1915 169 1941 rem
195 1901 380 1957 asyndeta
415 1914 505 1941 cum
529 1902 628 1942 haec
660 1907 812 1942 tantum
849 1908 998 1942 exstent
1031 1901 1226 1949 carmina,
1269 1900 1337 1940 uhi
1371 1901 1478 1940 nulla
1506 1890 1759 1940 inveniuntur
1789 1897 1818 1939 7

91 1964 205 2022 (ml').
232 1965 259 2007 8
282 1965 374 2021 (λέ).
403 1966 455 2008 13
480 1966 571 2021 (ια’).
598 1966 652 2009 35
679 1966 800 2022 (νβ’).“
830 1966 886 2009 50
913 1966 1026 2022 (νή)ἓ)
1073 1969 1129 2008 Ex
1164 1968 1282 2009 altera
1316 1968 1473 2021 quidem
1507 1973 1619 2020 parte
1649 1957 1817 2020 quaesiti

88 2029 245 2088 quidin
271 2036 332 2075 his
358 2036 555 2088 asyndetis
582 2037 705 2084 inest,
741 2037 793 2077 ita
825 2043 868 2077 ut
891 2043 1030 2089 poetae
1056 2038 1103 2078 ad
1137 2035 1426 2089 simplicitatem
1444 2035 1643 2076 orationis
1668 2046 1815 2086 augen-

89 2105 177 2144 dam
214 2116 373 2142 0mnem
418 2103 699 2143 sententiarum
735 2117 876 2144 nexum
911 2105 1092 2144 consulto
1129 2103 1319 2156 abjecisse
1350 2103 1574 2151 videantur3
1618 2112 1663 2143 ex
1695 2103 1817 2143 *altera

89 2177 217 2211 autem
244 2170 375 2221 negari
402 2183 482 2209 non
507 2176 639 2222 potest.
662 2171 702 2210 in
728 2172 803 2212 hac
828 2172 915 2224 ipsa
945 2171 1224 2224 particularum
1258 2171 1391 2223 inopia
1415 2170 1571 2221 linguae
1600 2170 1719 2221 longo
1741 2177 1817 2210 usu

89 2238 240 2278 attritae
263 2237 422 2287 vestigia
439 2250 640 2289 apparere.
667 2238 780 2278 Levis
806 2239 868 2279 illa
888 2239 1211 2279 enunciationum
1236 2238 1482 2291 conjunctio,
1504 2246 1604 2290 quae
1627 2248 1700 2290 per
1722 2244 1815 2290 pal·-

90 2306 226 2345 ticulas
253 2303 316 2353 δὲ,
353 2319 414 2353 τε,
441 2303 516 2356 γὰρ
542 2306 605 2353 fit,
630 2305 669 2344 in
693 2306 975 2346 Anacreonteis
1001 2319 1158 2359 quoque
1183 2305 1438 2345 usitatissima
1460 2310 1534 2344 est.
1583 2305 1720 2357 Neque
1744 2298 1815 2344 ab-

88 2379 182 2412 sunt
205 2372 400 2423 exempla,
428 2372 495 2412 ubi
522 2372 685 2412 verbum
709 2372 863 2412 finitum
890 2373 929 2411 in
956 2372 1299 2413 enunciationibus
1324 2372 1515 2424 particula
1539 2370 1616 2425 γὰρ
1641 2371 1814 2411 inductis

90 2440 333 2479 desideratur
358 2440 406 2479 cf.
428 2436 484 2479 26
511 2436 624 2491 (μς’),
653 2436 723 2479 1οε
748 2436 961 2490 μεθύοντα
985 2437 1063 2494 γὰρ
1083 2444 1336 2491 εκρεῖσσον
1361 2435 1385 2490 ἢ
1411 2435 1609 2489 θανόντα,
1635 2435 1691 2478 39
1717 2434 1812 2491 (μή)

90 2508 126 2546 in
152 2508 250 2546 fine:
276 2503 322 2545 τὸ
349 2507 490 2546 θανεῖν
516 2504 593 2558 γὰρ
617 2505 719 2558 μετὰ
745 2503 877 2565 πάντα
888 2529 907 2554 ,·
931 2504 984 2546 51
1012 2504 1106 2561 (νγ’)
1133 2503 1226 2546 τάδε
1251 2504 1328 2560 γὰρ
1355 2507 1463 2546 θεῶν
1489 2503 1605 2559 ἄημα
1630 2501 1724 2545 τόδε
1747 2505 1816 2546 καὶ

87 2576 248 2626 βροτῶν
269 2569 457 2626 χάρημα,
485 2574 590 2626 quod
616 2574 711 2613 nihil
737 2579 796 2613 est
820 2574 895 2614 nisi
920 2573 1269 2626 imitatio.gen1'1ini
1285 2574 1490 2625 fragmenti
1507 2574 1553 2614 fr.
1569 2573 1700 2622 LXIV,
1719 2569 1757 2613 1.
1774 2569 1814 2612 5.
1863 2607 1868 2610 .

87 2638 153 2679 ὅδε
179 2638 255 2693 γὰρ
282 2642 391 2680 θεῶν
416 2639 620 2692 δυνάστης
645 2638 711 2680 ὅδε
736 2641 806 2681 καί
825 2638 1004 2694 βρότους
1029 2639 1213 2693 δαμάζει.
1263 2642 1387 2693 Saepe
1422 2644 1552 2681 autem
1583 2637 1661 2693 γὰρ
1687 2640 1727 2679 in
1750 2640 1813 2680 in-

87 2708 417 2759 eon-rogationibus
442 2707 692 2763 poniturim'
711 2706 803 2761 γὰρ,
826 2709 889 2755 ’τίς
905 2706 982 2762 γὰρ
1001 2706 1028 2748 9
1049 2704 1153 2761 (ιδ’),
1176 2705 1245 2750 21.
1273 2706 1327 2748 14
1355 2704 1460 2761 (ιβ’),
1483 2702 1550 2747 19.
1577 2704 1632 2747 17
1658 2702 1746 2759 (γ’),
1771 2703 1811 2746 4.
1840 2750 1843 2753 μ

82 2773 136 2815 41
166 2771 274 2826 (λς’),
302 2772 367 2814 17.
399 2775 433 2814 ΙΙ
461 2771 568 2828 (νζ),
594 2773 633 2816 5.
683 2777 992 2817 Enunciationes
1019 2776 1274 2816 secundariae
1300 2766 1458 2827 saepius
1485 2779 1702 2814 occurrunt
1730 2782 1812 2813 non

87 2855 177 2882 cum
202 2842 393 2894 particula
418 2842 545 2885 ionica
572 2835 659 2882 ὲῦτε
680 2843 934 2894 conjunctae,
961 2844 1030 2882 sed
1056 2856 1099 2883 ex
1125 2841 1210 2891 ὅτε,
1232 2844 1296 2882 eui
1321 2839 1410 2882 τότε
1433 2834 1810 2893 respondere‘solet,

84 2908 299 2960 pendentes
326 2909 373 2947 cs.
405 2907 432 2965 3
455 2906 625 2965 (λᾴ),·2.·
646 2906 702 2949 39
727 2906 835 2962 (μή),
862 2907 900 2949 1.
926 2906 966 2949 4.
992 2907 1033 2950 8.
1062 2908 1127 2951 12.
1153 2907 1222 2950 16.
1249 2907 1316 2950 20.
1342 2906 1411 2951 24.
1447 2906 1504 2949 43
1531 2903 1651 2961 (m),
1673 2905 1717 2948 2.
1753 2903 1811 2947 51

85 2972 191 3027 (vy‘),
218 2973 285 3016 30.
322 2973 377 3015 50
402 2973 501 3027 (m‘),
530 2974 567 3016 1.
594 2982 660 3016 aut
684 2989 727 3015 ex
753 2974 851 3015 ὅταν
875 2974 929 3016 25
954 2974 1075 3028 (λθ’),
1103 2975 1142 3018 1.
1179 2974 1254 3026 (26
1275 2972 1374 3029 μς’),
1393 2973 1433 3016 1.
1471 2973 1528 3016 27
1553 2969 1812 3029 (μ’ζ),τ3.ιά2

84 3038 177 3094 (μ’).
205 3041 242 3082 3.
270 3041 325 3082 47
352 3040 457 3093 (λζ’),
483 3041 521 3082 3.
549 3040 605 3092 48
630 3042 722 3095 (νέ),
751 3041 816 3083 10.
844 3040 900 3083 50
925 3041 1024 3094 (νή),
1042 3041 1106 3083 11.
1143 3040 1171 3082 2
1196 3040 1301 3097 (νζ).
