<?xml version="1.0" encoding="UTF-8"?>
<!DOCTYPE html PUBLIC "-//W3C//DTD XHTML 1.0 Transitional//EN"
    "http://www.w3.org/TR/xhtml1/DTD/xhtml1-transitional.dtd">
<html xmlns="http://www.w3.org/1999/xhtml" xml:lang="en" lang="en">
 <head>
  <title>
</title>
<meta http-equiv="Content-Type" content="text/html;charset=utf-8" />
  <meta name='ocr-system' content='tesseract 3.04.00' />
  <meta name='ocr-capabilities' content='ocr_page ocr_carea ocr_par ocr_line ocrx_word'/>
</head>
<body>
  <div class='ocr_page' id='page_1' title='image "./quaestionumanacr00staruoft_0049.png"; bbox 0 0 1910 3268; ppageno 0'>
   <div class='ocr_carea' id='block_1_1' title="bbox 959 165 1014 208">
    <p class='ocr_par' dir='ltr' id='par_1_1' title="bbox 959 165 1014 208">
     <span class='ocr_line' id='line_1_1' title="bbox 959 165 1014 208; baseline -0.018 0"><span class='ocrx_word' id='word_1_1' title='bbox 959 165 1014 208; x_wconf 84' lang='lat'><strong>37</strong></span> 
     </span>
    </p>
   </div>
   <div class='ocr_carea' id='block_1_2' title="bbox 961 230 1094 235">
    <p class='ocr_par' dir='ltr' id='par_1_2' title="bbox 961 230 1094 235">
     <span class='ocr_line' id='line_1_2' title="bbox 961 230 1094 235; baseline 0 0"><span class='ocrx_word' id='word_1_2' title='bbox 961 230 1094 235; x_wconf 95' lang='lat' dir='ltr'><strong> </strong></span> 
     </span>
    </p>
   </div>
   <div class='ocr_carea' id='block_1_3' title="bbox 99 288 1857 1561">
    <p class='ocr_par' dir='ltr' id='par_1_3' title="bbox 602 288 1096 344">
     <span class='ocr_line' id='line_1_3' title="bbox 602 288 1096 344; baseline -0.004 -13"><span class='ocrx_word' id='word_1_3' title='bbox 602 308 605 310; x_wconf 91' lang='grc'><em>·</em></span> <span class='ocrx_word' id='word_1_4' title='bbox 667 291 771 343; x_wconf 78' lang='grc' dir='ltr'><strong><em>μετὰ</em></strong></span> <span class='ocrx_word' id='word_1_5' title='bbox 799 288 931 344; x_wconf 70' lang='grc' dir='ltr'><strong><em>Τἠΐαν</em></strong></span> <span class='ocrx_word' id='word_1_6' title='bbox 953 290 1096 332; x_wconf 77' lang='grc' dir='ltr'><strong><em>ἀοιδὰν</em></strong></span> 
     </span>
    </p>

    <p class='ocr_par' dir='ltr' id='par_1_4' title="bbox 667 356 1236 411">
     <span class='ocr_line' id='line_1_4' title="bbox 667 356 1236 411; baseline -0.005 -11"><span class='ocrx_word' id='word_1_7' title='bbox 667 357 772 411; x_wconf 80' lang='grc' dir='ltr'><strong><em>μετὰ</em></strong></span> <span class='ocrx_word' id='word_1_8' title='bbox 796 357 985 411; x_wconf 79' lang='grc' dir='ltr'><strong><em>Λεσβίαν</em></strong></span> <span class='ocrx_word' id='word_1_9' title='bbox 1009 373 1051 399; x_wconf 86' lang='grc' dir='ltr'><strong><em>τε</em></strong></span> <span class='ocrx_word' id='word_1_10' title='bbox 1073 356 1236 410; x_wconf 81' lang='grc' dir='ltr'><strong><em>μολπὰν</em></strong></span> 
     </span>
    </p>

    <p class='ocr_par' dir='ltr' id='par_1_5' title="bbox 99 424 1857 1561">
     <span class='ocr_line' id='line_1_5' title="bbox 670 424 1208 481; baseline -0.007 -13"><span class='ocrx_word' id='word_1_11' title='bbox 670 425 958 481; x_wconf 76' lang='grc' dir='ltr'><strong><em>γεραρωτὲροις</em></strong></span> <span class='ocrx_word' id='word_1_12' title='bbox 981 424 1043 481; x_wconf 72' lang='grc' dir='ltr'><strong>ἐφ’</strong></span> <span class='ocrx_word' id='word_1_13' title='bbox 1065 424 1208 477; x_wconf 74' lang='grc' dir='ltr'><strong><em>ὕμνοις</em></strong></span> 
     </span>
     <span class='ocr_line' id='line_1_6' title="bbox 129 489 1852 548; baseline -0.005 -11"><span class='ocrx_word' id='word_1_14' title='bbox 129 489 356 537; x_wconf 76' lang='lat' dir='ltr'><strong>evecturum</strong></span> <span class='ocrx_word' id='word_1_15' title='bbox 398 509 486 536; x_wconf 88' lang='lat' dir='ltr'><strong>esse</strong></span> <span class='ocrx_word' id='word_1_16' title='bbox 522 496 780 548; x_wconf 83' lang='lat' dir='ltr'>pronunciat,</span> <span class='ocrx_word' id='word_1_17' title='bbox 824 502 956 537; x_wconf 86' lang='lat' dir='ltr'><strong>tamen</strong></span> <span class='ocrx_word' id='word_1_18' title='bbox 990 495 1119 535; x_wconf 84' lang='lat' dir='ltr'><strong>facere</strong></span> <span class='ocrx_word' id='word_1_19' title='bbox 1155 506 1237 534; x_wconf 91' lang='lat' dir='ltr'><strong>non</strong></span> <span class='ocrx_word' id='word_1_20' title='bbox 1270 497 1402 545; x_wconf 83' lang='lat' dir='ltr'><strong>potest</strong></span> <span class='ocrx_word' id='word_1_21' title='bbox 1434 491 1528 544; x_wconf 87' lang='lat' dir='ltr'><strong>quin</strong></span> <span class='ocrx_word' id='word_1_22' title='bbox 1563 495 1602 531; x_wconf 86' lang='lat' dir='ltr'><strong>et</strong></span> <span class='ocrx_word' id='word_1_23' title='bbox 1638 489 1852 530; x_wconf 82' lang='lat' dir='ltr'><strong>sententias</strong></span> 
     </span>
     <span class='ocr_line' id='line_1_7' title="bbox 129 557 1855 612; baseline -0.005 -8"><span class='ocrx_word' id='word_1_24' title='bbox 129 570 171 604; x_wconf 80' lang='lat' dir='ltr'><strong>et</strong></span> <span class='ocrx_word' id='word_1_25' title='bbox 191 564 311 605; x_wconf 81' lang='lat' dir='ltr'><strong>verba</strong></span> <span class='ocrx_word' id='word_1_26' title='bbox 344 577 388 604; x_wconf 88' lang='lat' dir='ltr'><strong>ex</strong></span> <span class='ocrx_word' id='word_1_27' title='bbox 421 565 668 605; x_wconf 85' lang='lat' dir='ltr'><strong>Anacreonte</strong></span> <span class='ocrx_word' id='word_1_28' title='bbox 700 570 902 606; x_wconf 87' lang='lat' dir='ltr'><strong>mutuetur</strong></span> <span class='ocrx_word' id='word_1_29' title='bbox 936 564 984 603; x_wconf 81' lang='lat' dir='ltr'><strong>cf.</strong></span> <span class='ocrx_word' id='word_1_30' title='bbox 1016 563 1056 603; x_wconf 85' lang='lat' dir='ltr'><strong>h.</strong></span> <span class='ocrx_word' id='word_1_31' title='bbox 1082 564 1118 612; x_wconf 88' lang='grc' dir='ltr'><strong>Ι,</strong></span> <span class='ocrx_word' id='word_1_32' title='bbox 1153 575 1189 602; x_wconf 82' lang='lat' dir='ltr'><strong>V.</strong></span> <span class='ocrx_word' id='word_1_33' title='bbox 1215 558 1284 602; x_wconf 97' lang='grc'><strong>25.</strong></span> <span class='ocrx_word' id='word_1_34' title='bbox 1310 574 1354 601; x_wconf 77' lang='lat' dir='ltr'><strong>.V.</strong></span> <span class='ocrx_word' id='word_1_35' title='bbox 1379 557 1448 600; x_wconf 88' lang='grc'><strong>45.</strong></span> <span class='ocrx_word' id='word_1_36' title='bbox 1516 559 1662 611; x_wconf 82' lang='lat' dir='ltr'><strong>Aperta</strong></span> <span class='ocrx_word' id='word_1_37' title='bbox 1696 570 1855 610; x_wconf 90' lang='lat' dir='ltr'><strong>quoque</strong></span> 
     </span>
     <span class='ocr_line' id='line_1_8' title="bbox 129 625 1853 683; baseline -0.005 -11"><span class='ocrx_word' id='word_1_38' title='bbox 129 631 357 672; x_wconf 75' lang='lat' dir='ltr'><strong>imitationis</strong></span> <span class='ocrx_word' id='word_1_39' title='bbox 392 631 551 683; x_wconf 87' lang='lat' dir='ltr'><strong>vestigia</strong></span> <span class='ocrx_word' id='word_1_40' title='bbox 586 636 778 683; x_wconf 78' lang='lat' dir='ltr'><strong>apparent</strong></span> <span class='ocrx_word' id='word_1_41' title='bbox 811 630 915 683; x_wconf 87' lang='lat' dir='ltr'><strong>apud</strong></span> <span class='ocrx_word' id='word_1_42' title='bbox 941 631 1104 682; x_wconf 82' lang='lat' dir='ltr'><strong>Gregor.</strong></span> <span class='ocrx_word' id='word_1_43' title='bbox 1129 629 1312 670; x_wconf 84' lang='lat' dir='ltr'><strong>Nazianz.</strong></span> <span class='ocrx_word' id='word_1_44' title='bbox 1349 628 1399 668; x_wconf 83' lang='lat' dir='ltr'><strong>cf.</strong></span> <span class='ocrx_word' id='word_1_45' title='bbox 1424 627 1542 679; x_wconf 88' lang='lat' dir='ltr'><strong>Corp.</strong></span> <span class='ocrx_word' id='word_1_46' title='bbox 1575 630 1681 678; x_wconf 90' lang='lat' dir='ltr'><strong>poet.</strong></span> <span class='ocrx_word' id='word_1_47' title='bbox 1707 625 1768 665; x_wconf 89' lang='lat' dir='ltr'><strong>ed.</strong></span> <span class='ocrx_word' id='word_1_48' title='bbox 1796 625 1853 664; x_wconf 86' lang='lat' dir='ltr'><strong>St.</strong></span> 
     </span>
     <span class='ocr_line' id='line_1_9' title="bbox 99 687 1854 752; baseline -0.005 -13"><span class='ocrx_word' id='word_1_49' title='bbox 99 688 101 691; x_wconf 43' lang='grc'><strong>’</strong></span> <span class='ocrx_word' id='word_1_50' title='bbox 128 711 170 752; x_wconf 83' lang='lat' dir='ltr'><strong>p.</strong></span> <span class='ocrx_word' id='word_1_51' title='bbox 195 694 279 739; x_wconf 84' lang='grc'><strong>185</strong></span> <span class='ocrx_word' id='word_1_52' title='bbox 301 711 378 751; x_wconf 87' lang='lat' dir='ltr'><strong>sq.‚</strong></span> <span class='ocrx_word' id='word_1_53' title='bbox 412 699 532 738; x_wconf 89' lang='lat' dir='ltr'><strong>modo</strong></span> <span class='ocrx_word' id='word_1_54' title='bbox 567 711 775 751; x_wconf 81' lang='lat' dir='ltr'><strong>compares</strong></span> <span class='ocrx_word' id='word_1_55' title='bbox 808 698 924 738; x_wconf 88' lang='lat' dir='ltr'><strong>odam</strong></span> <span class='ocrx_word' id='word_1_56' title='bbox 948 699 977 747; x_wconf 88' lang='grc' dir='ltr'><strong>Ι,</strong></span> <span class='ocrx_word' id='word_1_57' title='bbox 1002 710 1040 738; x_wconf 74' lang='grc' dir='ltr'><strong><em>ν.</em></strong></span> <span class='ocrx_word' id='word_1_58' title='bbox 1066 693 1230 737; x_wconf 84' lang='lat'><strong>3—10</strong></span> <span class='ocrx_word' id='word_1_59' title='bbox 1254 694 1344 735; x_wconf 80' lang='lat' dir='ltr'><strong>&#39;cum</strong></span> <span class='ocrx_word' id='word_1_60' title='bbox 1369 695 1641 735; x_wconf 85' lang='lat' dir='ltr'><strong>Anacreonteo</strong></span> <span class='ocrx_word' id='word_1_61' title='bbox 1665 689 1719 732; x_wconf 89' lang='lat'><strong>41</strong></span> <span class='ocrx_word' id='word_1_62' title='bbox 1746 687 1854 744; x_wconf 85' lang='grc' dir='ltr'><strong>(λς’),</strong></span> 
     </span>
     <span class='ocr_line' id='line_1_10' title="bbox 129 757 1853 819; baseline -0.005 -13"><span class='ocrx_word' id='word_1_63' title='bbox 129 762 158 806; x_wconf 89' lang='grc'><strong>5</strong></span> <span class='ocrx_word' id='word_1_64' title='bbox 181 778 242 819; x_wconf 87' lang='lat' dir='ltr'><strong>sq,</strong></span> <span class='ocrx_word' id='word_1_65' title='bbox 267 771 307 806; x_wconf 83' lang='lat' dir='ltr'><strong>et</strong></span> <span class='ocrx_word' id='word_1_66' title='bbox 330 766 446 806; x_wconf 89' lang='lat' dir='ltr'><strong>odam</strong></span> <span class='ocrx_word' id='word_1_67' title='bbox 470 766 517 814; x_wconf 85' lang='lat'><strong>11,</strong></span> <span class='ocrx_word' id='word_1_68' title='bbox 544 763 591 806; x_wconf 90' lang='grc'><strong>1·;</strong></span> <span class='ocrx_word' id='word_1_69' title='bbox 625 765 668 805; x_wconf 83' lang='grc' dir='ltr'><strong>τί</strong></span> <span class='ocrx_word' id='word_1_70' title='bbox 687 778 752 804; x_wconf 88' lang='grc' dir='ltr'><strong>σοι</strong></span> <span class='ocrx_word' id='word_1_71' title='bbox 770 763 911 814; x_wconf 67' lang='grc' dir='ltr'><strong><em>θέλεις</em></strong></span> <span class='ocrx_word' id='word_1_72' title='bbox 932 763 1122 818; x_wconf 69' lang='grc' dir='ltr'><strong><em>γενέσθαι</em></strong></span> <span class='ocrx_word' id='word_1_73' title='bbox 1146 769 1219 805; x_wconf 87' lang='lat' dir='ltr'><strong>ete.</strong></span> <span class='ocrx_word' id='word_1_74' title='bbox 1256 776 1345 802; x_wconf 82' lang='lat' dir='ltr'><strong>cum</strong></span> <span class='ocrx_word' id='word_1_75' title='bbox 1370 763 1643 802; x_wconf 85' lang='lat' dir='ltr'><strong>Anacreonteo</strong></span> <span class='ocrx_word' id='word_1_76' title='bbox 1680 757 1735 800; x_wconf 92' lang='grc'><strong>12</strong></span> <span class='ocrx_word' id='word_1_77' title='bbox 1759 757 1853 812; x_wconf 74' lang='lat'>(3¹),</span> 
     </span>
     <span class='ocr_line' id='line_1_11' title="bbox 131 828 1854 886; baseline -0.005 -12"><span class='ocrx_word' id='word_1_78' title='bbox 131 830 179 874; x_wconf 63' lang='lat'><strong>1&#39;:</strong></span> <span class='ocrx_word' id='word_1_79' title='bbox 211 831 255 872; x_wconf 76' lang='grc' dir='ltr'><strong>τί</strong></span> <span class='ocrx_word' id='word_1_80' title='bbox 283 847 346 873; x_wconf 80' lang='grc' dir='ltr'><strong>σοι</strong></span> <span class='ocrx_word' id='word_1_81' title='bbox 378 830 512 881; x_wconf 76' lang='grc' dir='ltr'><strong><em>θέλεις</em></strong></span> <span class='ocrx_word' id='word_1_82' title='bbox 547 829 717 885; x_wconf 79' lang='grc' dir='ltr'><strong><em>ποιήσω.</em></strong></span> <span class='ocrx_word' id='word_1_83' title='bbox 784 833 920 886; x_wconf 89' lang='lat' dir='ltr'><strong>Neque</strong></span> <span class='ocrx_word' id='word_1_84' title='bbox 953 832 1181 884; x_wconf 88' lang='lat' dir='ltr'><strong>Margunius</strong></span> <span class='ocrx_word' id='word_1_85' title='bbox 1215 830 1434 883; x_wconf 85' lang='lat' dir='ltr'><strong>repudiavit</strong></span> <span class='ocrx_word' id='word_1_86' title='bbox 1464 828 1723 869; x_wconf 80' lang='lat' dir='ltr'><strong>Anacreontis</strong></span> <span class='ocrx_word' id='word_1_87' title='bbox 1758 840 1854 868; x_wconf 88' lang='lat' dir='ltr'><strong>sen-</strong></span> 
     </span>
     <span class='ocr_line' id='line_1_12' title="bbox 130 894 1855 954; baseline -0.005 -12"><span class='ocrx_word' id='word_1_88' title='bbox 130 901 273 942; x_wconf 76' lang='lat' dir='ltr'><strong>tentias</strong></span> <span class='ocrx_word' id='word_1_89' title='bbox 307 905 423 954; x_wconf 81' lang='lat' dir='ltr'><strong>atque</strong></span> <span class='ocrx_word' id='word_1_90' title='bbox 457 901 575 941; x_wconf 86' lang='lat' dir='ltr'><strong>verba</strong></span> <span class='ocrx_word' id='word_1_91' title='bbox 610 901 658 941; x_wconf 64' lang='grc' dir='ltr'><strong><em>οἱ</em></strong></span> <span class='ocrx_word' id='word_1_92' title='bbox 692 901 734 940; x_wconf 89' lang='lat' dir='ltr'><strong>h.</strong></span> <span class='ocrx_word' id='word_1_93' title='bbox 769 901 848 950; x_wconf 85' lang='lat' dir='ltr'>VII,</span> <span class='ocrx_word' id='word_1_94' title='bbox 884 896 939 940; x_wconf 95' lang='grc'><strong>16</strong></span> <span class='ocrx_word' id='word_1_95' title='bbox 968 913 1059 940; x_wconf 86' lang='lat' dir='ltr'><strong>eum</strong></span> <span class='ocrx_word' id='word_1_96' title='bbox 1093 899 1167 939; x_wconf 86' lang='lat' dir='ltr'><strong>An.</strong></span> <span class='ocrx_word' id='word_1_97' title='bbox 1200 895 1257 939; x_wconf 89' lang='grc'><strong>25</strong></span> <span class='ocrx_word' id='word_1_98' title='bbox 1282 894 1401 950; x_wconf 79' lang='grc' dir='ltr'><strong>(λθ’).</strong></span> <span class='ocrx_word' id='word_1_99' title='bbox 1466 896 1614 937; x_wconf 89' lang='lat' dir='ltr'><strong>Eadem</strong></span> <span class='ocrx_word' id='word_1_100' title='bbox 1640 894 1855 947; x_wconf 85' lang='lat' dir='ltr'><strong>Sophronii</strong></span> 
     </span>
     <span class='ocr_line' id='line_1_13' title="bbox 130 961 1855 1020; baseline -0.006 -10"><span class='ocrx_word' id='word_1_101' title='bbox 130 968 299 1010; x_wconf 75' lang='lat' dir='ltr'><strong>odarum</strong></span> <span class='ocrx_word' id='word_1_102' title='bbox 321 981 450 1020; x_wconf 90' lang='lat' dir='ltr'><strong>nuper</strong></span> <span class='ocrx_word' id='word_1_103' title='bbox 473 967 522 1008; x_wconf 87' lang='lat' dir='ltr'><strong>ab</strong></span> <span class='ocrx_word' id='word_1_104' title='bbox 547 968 646 1020; x_wconf 84' lang='lat' dir='ltr'><strong>Ang.</strong></span> <span class='ocrx_word' id='word_1_105' title='bbox 672 968 773 1009; x_wconf 87' lang='lat' dir='ltr'><strong>Maio</strong></span> <span class='ocrx_word' id='word_1_106' title='bbox 798 968 990 1008; x_wconf 88' lang='lat' dir='ltr'><strong>editarum</strong></span> <span class='ocrx_word' id='word_1_107' title='bbox 1014 967 1114 1008; x_wconf 83' lang='lat' dir='ltr'><strong>ratio</strong></span> <span class='ocrx_word' id='word_1_108' title='bbox 1140 972 1220 1015; x_wconf 84' lang='lat' dir='ltr'><strong>est3</strong></span> <span class='ocrx_word' id='word_1_109' title='bbox 1244 971 1289 1005; x_wconf 86' lang='lat' dir='ltr'><strong>ut</strong></span> <span class='ocrx_word' id='word_1_110' title='bbox 1312 966 1417 1005; x_wconf 88' lang='lat' dir='ltr'><strong>enim</strong></span> <span class='ocrx_word' id='word_1_111' title='bbox 1442 964 1675 1004; x_wconf 83' lang='lat' dir='ltr'><strong>Homericae</strong></span> <span class='ocrx_word' id='word_1_112' title='bbox 1700 961 1855 1001; x_wconf 86' lang='lat' dir='ltr'><strong>dicendi</strong></span> 
     </span>
     <span class='ocr_line' id='line_1_14' title="bbox 131 1028 1854 1088; baseline -0.005 -12"><span class='ocrx_word' id='word_1_113' title='bbox 131 1036 323 1076; x_wconf 78' lang='lat' dir='ltr'><strong>formulae</strong></span> <span class='ocrx_word' id='word_1_114' title='bbox 346 1035 388 1075; x_wconf 92' lang='lat' dir='ltr'><strong>in</strong></span> <span class='ocrx_word' id='word_1_115' title='bbox 412 1035 459 1075; x_wconf 91' lang='lat' dir='ltr'><strong>iis</strong></span> <span class='ocrx_word' id='word_1_116' title='bbox 483 1036 735 1088; x_wconf 87' lang='lat' dir='ltr'><strong>reperiuntur</strong></span> <span class='ocrx_word' id='word_1_117' title='bbox 756 1041 801 1076; x_wconf 91' lang='lat' dir='ltr'><strong>ut</strong></span> <span class='ocrx_word' id='word_1_118' title='bbox 823 1034 946 1082; x_wconf 85' lang='grc' dir='ltr'><strong><em>κῦδος</em></strong></span> <span class='ocrx_word' id='word_1_119' title='bbox 969 1033 1153 1088; x_wconf 82' lang='grc' dir='ltr'><strong><em>ἀγείρεω,</em></strong></span> <span class='ocrx_word' id='word_1_120' title='bbox 1178 1034 1236 1074; x_wconf 88' lang='lat' dir='ltr'><strong>sic</strong></span> <span class='ocrx_word' id='word_1_121' title='bbox 1262 1033 1454 1086; x_wconf 89' lang='lat' dir='ltr'><strong>plurimae</strong></span> <span class='ocrx_word' id='word_1_122' title='bbox 1478 1032 1588 1080; x_wconf 85' lang='lat' dir='ltr'><strong>illae,</strong></span> <span class='ocrx_word' id='word_1_123' title='bbox 1624 1043 1724 1083; x_wconf 84' lang='lat' dir='ltr'><strong>quae</strong></span> <span class='ocrx_word' id='word_1_124' title='bbox 1749 1028 1854 1082; x_wconf 89' lang='lat' dir='ltr'><strong>apud</strong></span> 
     </span>
     <span class='ocr_line' id='line_1_15' title="bbox 131 1098 1853 1155; baseline -0.005 -11"><span class='ocrx_word' id='word_1_125' title='bbox 131 1103 442 1145; x_wconf 85' lang='lat' dir='ltr'><strong>Anacreontieos</strong></span> <span class='ocrx_word' id='word_1_126' title='bbox 468 1108 605 1155; x_wconf 89' lang='lat' dir='ltr'><strong>poetas</strong></span> <span class='ocrx_word' id='word_1_127' title='bbox 629 1103 670 1143; x_wconf 91' lang='lat' dir='ltr'><strong>in</strong></span> <span class='ocrx_word' id='word_1_128' title='bbox 693 1116 770 1143; x_wconf 89' lang='lat' dir='ltr'><strong>usu</strong></span> <span class='ocrx_word' id='word_1_129' title='bbox 794 1104 925 1152; x_wconf 87' lang='lat' dir='ltr'><strong>fuere,</strong></span> <span class='ocrx_word' id='word_1_130' title='bbox 962 1103 1003 1143; x_wconf 92' lang='lat' dir='ltr'><strong>in</strong></span> <span class='ocrx_word' id='word_1_131' title='bbox 1027 1102 1268 1144; x_wconf 79' lang='lat' dir='ltr'><strong>christianas</strong></span> <span class='ocrx_word' id='word_1_132' title='bbox 1293 1101 1377 1141; x_wconf 86' lang='lat' dir='ltr'><strong>illas</strong></span> <span class='ocrx_word' id='word_1_133' title='bbox 1403 1098 1690 1140; x_wconf 79' lang='lat' dir='ltr'><strong>Anacreontico</strong></span> <span class='ocrx_word' id='word_1_134' title='bbox 1726 1102 1853 1137; x_wconf 87' lang='lat' dir='ltr'><strong>metro</strong></span> 
     </span>
     <span class='ocr_line' id='line_1_16' title="bbox 134 1164 1854 1224; baseline -0.005 -13"><span class='ocrx_word' id='word_1_135' title='bbox 134 1171 382 1223; x_wconf 76' lang='lat' dir='ltr'><strong>conscriptas</strong></span> <span class='ocrx_word' id='word_1_136' title='bbox 407 1171 594 1211; x_wconf 84' lang='lat' dir='ltr'><strong>translata</strong></span> <span class='ocrx_word' id='word_1_137' title='bbox 617 1176 722 1211; x_wconf 88' lang='lat' dir='ltr'><strong>sunt.</strong></span> <span class='ocrx_word' id='word_1_138' title='bbox 783 1171 872 1211; x_wconf 86' lang='lat' dir='ltr'><strong>Jam</strong></span> <span class='ocrx_word' id='word_1_139' title='bbox 897 1171 1072 1224; x_wconf 85' lang='lat' dir='ltr'><strong>exempla</strong></span> <span class='ocrx_word' id='word_1_140' title='bbox 1096 1170 1273 1223; x_wconf 81' lang='lat' dir='ltr'><strong>proferre</strong></span> <span class='ocrx_word' id='word_1_141' title='bbox 1296 1169 1423 1217; x_wconf 87' lang='lat' dir='ltr'><strong>liceat,</strong></span> <span class='ocrx_word' id='word_1_142' title='bbox 1447 1169 1488 1207; x_wconf 91' lang='lat' dir='ltr'><strong>in</strong></span> <span class='ocrx_word' id='word_1_143' title='bbox 1512 1166 1656 1220; x_wconf 88' lang='lat' dir='ltr'><strong>quibus</strong></span> <span class='ocrx_word' id='word_1_144' title='bbox 1673 1164 1854 1216; x_wconf 92' lang='lat' dir='ltr'><strong>Sophro-</strong></span> 
     </span>
     <span class='ocr_line' id='line_1_17' title="bbox 133 1231 1853 1290; baseline -0.005 -12"><span class='ocrx_word' id='word_1_145' title='bbox 133 1239 244 1279; x_wconf 91' lang='lat' dir='ltr'><strong>nium</strong></span> <span class='ocrx_word' id='word_1_146' title='bbox 278 1251 360 1278; x_wconf 92' lang='lat' dir='ltr'><strong>non</strong></span> <span class='ocrx_word' id='word_1_147' title='bbox 397 1243 526 1278; x_wconf 87' lang='lat' dir='ltr'><strong>certos</strong></span> <span class='ocrx_word' id='word_1_148' title='bbox 559 1238 751 1290; x_wconf 86' lang='lat' dir='ltr'><strong>quosdam</strong></span> <span class='ocrx_word' id='word_1_149' title='bbox 785 1238 1148 1278; x_wconf 87' lang='lat' dir='ltr'><strong>Anacreonteorum</strong></span> <span class='ocrx_word' id='word_1_150' title='bbox 1182 1238 1293 1277; x_wconf 86' lang='lat' dir='ltr'><strong>locos</strong></span> <span class='ocrx_word' id='word_1_151' title='bbox 1327 1235 1522 1275; x_wconf 88' lang='lat' dir='ltr'><strong>imitatum</strong></span> <span class='ocrx_word' id='word_1_152' title='bbox 1556 1246 1645 1274; x_wconf 87' lang='lat' dir='ltr'><strong>esse</strong></span> <span class='ocrx_word' id='word_1_153' title='bbox 1679 1231 1853 1279; x_wconf 85' lang='lat' dir='ltr'><strong>dixerim,</strong></span> 
     </span>
     <span class='ocr_line' id='line_1_18' title="bbox 133 1299 1857 1352; baseline -0.005 -5"><span class='ocrx_word' id='word_1_154' title='bbox 133 1306 207 1348; x_wconf 81' lang='lat' dir='ltr'><strong>sed</strong></span> <span class='ocrx_word' id='word_1_155' title='bbox 235 1306 277 1346; x_wconf 89' lang='lat' dir='ltr'><strong>in</strong></span> <span class='ocrx_word' id='word_1_156' title='bbox 311 1306 537 1346; x_wconf 88' lang='lat' dir='ltr'><strong>universum</strong></span> <span class='ocrx_word' id='word_1_157' title='bbox 571 1305 725 1345; x_wconf 86' lang='lat' dir='ltr'><strong>dicendi</strong></span> <span class='ocrx_word' id='word_1_158' title='bbox 758 1305 965 1346; x_wconf 85' lang='lat' dir='ltr'><strong>rationem.</strong></span> <span class='ocrx_word' id='word_1_159' title='bbox 1026 1304 1284 1352; x_wconf 90' lang='lat' dir='ltr'><strong>Canendi,</strong></span> <span class='ocrx_word' id='word_1_160' title='bbox 1322 1300 1634 1344; x_wconf 86' lang='lat' dir='ltr'><strong>celebrandi</strong></span> <span class='ocrx_word' id='word_1_161' title='bbox 1668 1299 1778 1340; x_wconf 91' lang='lat' dir='ltr'><strong>notio</strong></span> <span class='ocrx_word' id='word_1_162' title='bbox 1812 1303 1857 1338; x_wconf 89' lang='lat' dir='ltr'><strong>ut</strong></span> 
     </span>
     <span class='ocr_line' id='line_1_19' title="bbox 133 1365 1856 1426; baseline -0.004 -13"><span class='ocrx_word' id='word_1_163' title='bbox 133 1373 176 1414; x_wconf 86' lang='lat' dir='ltr'><strong>in</strong></span> <span class='ocrx_word' id='word_1_164' title='bbox 197 1373 500 1422; x_wconf 81' lang='lat' dir='ltr'><strong>Anacreonteis‚</strong></span> <span class='ocrx_word' id='word_1_165' title='bbox 536 1373 594 1413; x_wconf 85' lang='lat' dir='ltr'><strong>sic</strong></span> <span class='ocrx_word' id='word_1_166' title='bbox 627 1373 732 1425; x_wconf 85' lang='lat' dir='ltr'><strong>apud</strong></span> <span class='ocrx_word' id='word_1_167' title='bbox 756 1372 1026 1426; x_wconf 90' lang='lat' dir='ltr'><strong>Sophronium</strong></span> <span class='ocrx_word' id='word_1_168' title='bbox 1060 1372 1239 1425; x_wconf 88' lang='lat' dir='ltr'><strong>plurimis</strong></span> <span class='ocrx_word' id='word_1_169' title='bbox 1272 1371 1402 1411; x_wconf 89' lang='lat' dir='ltr'><strong>modis</strong></span> <span class='ocrx_word' id='word_1_170' title='bbox 1436 1371 1615 1410; x_wconf 84' lang='lat' dir='ltr'><strong>effertur:</strong></span> <span class='ocrx_word' id='word_1_171' title='bbox 1651 1365 1856 1407; x_wconf 75' lang='grc' dir='ltr'><em>ἀείδειν</em></span> 
     </span>
     <span class='ocr_line' id='line_1_20' title="bbox 133 1431 1856 1496; baseline -0.005 -14"><span class='ocrx_word' id='word_1_172' title='bbox 133 1441 215 1482; x_wconf 81' lang='lat' dir='ltr'><strong>sive</strong></span> <span class='ocrx_word' id='word_1_173' title='bbox 238 1437 387 1496; x_wconf 76' lang='grc' dir='ltr'><strong><em>ᾄδειν</em></strong></span> <span class='ocrx_word' id='word_1_174' title='bbox 411 1436 523 1480; x_wconf 74' lang='grc' dir='ltr'><strong><em>αἶνον</em></strong></span> <span class='ocrx_word' id='word_1_175' title='bbox 547 1441 612 1489; x_wconf 93' lang='lat' dir='ltr'><strong>XI,</strong></span> <span class='ocrx_word' id='word_1_176' title='bbox 635 1437 677 1481; x_wconf 86' lang='lat'><strong>8.</strong></span> <span class='ocrx_word' id='word_1_177' title='bbox 729 1437 1083 1494; x_wconf 79' lang='grc' dir='ltr'><strong><em>Ἀσίδος-λύτρον</em></strong></span> <span class='ocrx_word' id='word_1_178' title='bbox 1112 1440 1169 1480; x_wconf 88' lang='lat' dir='ltr'><strong>Id.</strong></span> <span class='ocrx_word' id='word_1_179' title='bbox 1194 1435 1265 1479; x_wconf 84' lang='lat'><strong>99.</strong></span> <span class='ocrx_word' id='word_1_180' title='bbox 1301 1434 1469 1490; x_wconf 84' lang='grc' dir='ltr'><strong><em>πτολιήν</em></strong></span> <span class='ocrx_word' id='word_1_181' title='bbox 1492 1437 1611 1485; x_wconf 86' lang='lat' dir='ltr'>XVII,</span> <span class='ocrx_word' id='word_1_182' title='bbox 1637 1432 1733 1476; x_wconf 86' lang='grc'><strong>107.</strong></span> <span class='ocrx_word' id='word_1_183' title='bbox 1779 1431 1856 1474; x_wconf 82' lang='grc' dir='ltr'><strong>πό-</strong></span> 
     </span>
     <span class='ocr_line' id='line_1_21' title="bbox 134 1499 1855 1561; baseline -0.003 -13"><span class='ocrx_word' id='word_1_184' title='bbox 134 1522 229 1556; x_wconf 82' lang='grc' dir='ltr'><strong><em>νους</em></strong></span> <span class='ocrx_word' id='word_1_185' title='bbox 258 1508 358 1557; x_wconf 80' lang='lat' dir='ltr'>XIX,</span> <span class='ocrx_word' id='word_1_186' title='bbox 384 1504 479 1549; x_wconf 87' lang='grc'>107.</span> <span class='ocrx_word' id='word_1_187' title='bbox 533 1509 572 1547; x_wconf 94' lang='grc' dir='ltr'><em>Γ</em></span> <span class='ocrx_word' id='word_1_188' title='bbox 568 1510 784 1561; x_wconf 74' lang='grc' dir='ltr'><strong><em>εθσημανῆ</em></strong></span> <span class='ocrx_word' id='word_1_189' title='bbox 814 1509 894 1556; x_wconf 88' lang='lat' dir='ltr'><strong>XX,</strong></span> <span class='ocrx_word' id='word_1_190' title='bbox 926 1504 994 1548; x_wconf 87' lang='lat'><strong>39.</strong></span> <span class='ocrx_word' id='word_1_191' title='bbox 1038 1505 1132 1555; x_wconf 81' lang='grc' dir='ltr'><strong><em>τοὺς</em></strong></span> <span class='ocrx_word' id='word_1_192' title='bbox 1166 1505 1347 1552; x_wconf 73' lang='grc' dir='ltr'><strong><em>ἀέθλους</em></strong></span> <span class='ocrx_word' id='word_1_193' title='bbox 1380 1502 1492 1551; x_wconf 80' lang='grc' dir='ltr'><strong><em>ὅστις</em></strong></span> <span class='ocrx_word' id='word_1_194' title='bbox 1525 1502 1645 1544; x_wconf 73' lang='grc' dir='ltr'><strong><em>ἀείδει</em></strong></span> <span class='ocrx_word' id='word_1_195' title='bbox 1678 1504 1759 1552; x_wconf 88' lang='lat' dir='ltr'>XII,</span> <span class='ocrx_word' id='word_1_196' title='bbox 1786 1499 1855 1542; x_wconf 89' lang='grc'><strong>17.</strong></span> 
     </span>
    </p>
   </div>
   <div class='ocr_carea' id='block_1_4' title="bbox 55 1566 1856 1630">
    <p class='ocr_par' dir='ltr' id='par_1_6' title="bbox 55 1566 1856 1630">
     <span class='ocr_line' id='line_1_22' title="bbox 55 1566 1856 1630; baseline -0.006 -11"><span class='ocrx_word' id='word_1_197' title='bbox 55 1585 61 1588; x_wconf 66' lang='grc'><strong>“</strong></span> <span class='ocrx_word' id='word_1_198' title='bbox 134 1576 184 1619; x_wconf 71' lang='lat' dir='ltr'><strong>of.</strong></span> <span class='ocrx_word' id='word_1_199' title='bbox 219 1576 360 1617; x_wconf 80' lang='lat' dir='ltr'><strong>Anacr.</strong></span> <span class='ocrx_word' id='word_1_200' title='bbox 397 1573 421 1616; x_wconf 92' lang='lat'><strong>1</strong></span> <span class='ocrx_word' id='word_1_201' title='bbox 456 1573 553 1630; x_wconf 84' lang='grc' dir='ltr'>(κγ’)</span> <span class='ocrx_word' id='word_1_202' title='bbox 587 1574 628 1617; x_wconf 90' lang='grc'><strong>2.</strong></span> <span class='ocrx_word' id='word_1_203' title='bbox 653 1574 702 1617; x_wconf 91' lang='lat'><strong>7:</strong></span> <span class='ocrx_word' id='word_1_204' title='bbox 744 1569 844 1630; x_wconf 76' lang='grc' dir='ltr'><strong><em>ᾖδον</em></strong></span> <span class='ocrx_word' id='word_1_205' title='bbox 877 1566 1034 1624; x_wconf 68' lang='grc' dir='ltr'><strong><em>ἄθλους</em></strong></span> <span class='ocrx_word' id='word_1_206' title='bbox 1052 1572 1310 1627; x_wconf 66' lang='grc' dir='ltr'><strong>ζΗρακλεόυς.</strong></span> <span class='ocrx_word' id='word_1_207' title='bbox 1358 1570 1415 1614; x_wconf 85' lang='grc'><strong>39</strong></span> <span class='ocrx_word' id='word_1_208' title='bbox 1438 1570 1556 1625; x_wconf 64' lang='grc' dir='ltr'><strong>(μή),</strong></span> <span class='ocrx_word' id='word_1_209' title='bbox 1583 1569 1659 1612; x_wconf 90' lang='lat'><strong>19:</strong></span> <span class='ocrx_word' id='word_1_210' title='bbox 1697 1567 1856 1624; x_wconf 80' lang='grc' dir='ltr'><em>Κύπριν</em></span> 
     </span>
    </p>
   </div>
   <div class='ocr_carea' id='block_1_5' title="bbox 126 1636 1860 2846">
    <p class='ocr_par' dir='ltr' id='par_1_7' title="bbox 126 1636 1860 2846">
     <span class='ocr_line' id='line_1_23' title="bbox 131 1636 1854 1697; baseline -0.003 -14"><span class='ocrx_word' id='word_1_211' title='bbox 131 1640 255 1684; x_wconf 64' lang='lat' dir='ltr'><strong>delam</strong></span> <span class='ocrx_word' id='word_1_212' title='bbox 278 1644 326 1684; x_wconf 82' lang='lat' dir='ltr'><strong>fr.</strong></span> <span class='ocrx_word' id='word_1_213' title='bbox 350 1644 368 1684; x_wconf 93' lang='lat' dir='ltr'><strong>I</strong></span> <span class='ocrx_word' id='word_1_214' title='bbox 392 1641 496 1697; x_wconf 77' lang='grc' dir='ltr'><strong><em>(νζ),</em></strong></span> <span class='ocrx_word' id='word_1_215' title='bbox 523 1642 596 1685; x_wconf 87' lang='grc'><strong>11;</strong></span> <span class='ocrx_word' id='word_1_216' title='bbox 633 1641 991 1697; x_wconf 76' lang='grc' dir='ltr'><strong><em>ἀείδω-ἐρωτικὰς</em></strong></span> <span class='ocrx_word' id='word_1_217' title='bbox 1014 1639 1181 1691; x_wconf 74' lang='grc' dir='ltr'><strong><em>οἷοιδάςς</em></strong></span> <span class='ocrx_word' id='word_1_218' title='bbox 1227 1648 1310 1682; x_wconf 89' lang='lat' dir='ltr'><strong>tum</strong></span> <span class='ocrx_word' id='word_1_219' title='bbox 1345 1640 1610 1695; x_wconf 78' lang='grc' dir='ltr'><strong><em>λιγαίνειν</em></strong></span> <span class='ocrx_word' id='word_1_220' title='bbox 1642 1640 1714 1681; x_wconf 90' lang='lat' dir='ltr'><strong>Od.</strong></span> <span class='ocrx_word' id='word_1_221' title='bbox 1740 1639 1787 1688; x_wconf 90' lang='lat' dir='ltr'><strong>ll,</strong></span> <span class='ocrx_word' id='word_1_222' title='bbox 1813 1636 1854 1678; x_wconf 83' lang='lat'><strong>4.</strong></span> 
     </span>
     <span class='ocr_line' id='line_1_24' title="bbox 131 1702 1857 1765; baseline -0.003 -13"><span class='ocrx_word' id='word_1_223' title='bbox 131 1708 202 1752; x_wconf 80' lang='lat'><strong>39.</strong></span> <span class='ocrx_word' id='word_1_224' title='bbox 226 1708 295 1752; x_wconf 87' lang='grc'><strong>42.</strong></span> <span class='ocrx_word' id='word_1_225' title='bbox 322 1707 418 1752; x_wconf 87' lang='grc'><strong>105.</strong></span> <span class='ocrx_word' id='word_1_226' title='bbox 443 1713 508 1761; x_wconf 90' lang='grc' dir='ltr'><strong>ΠΙ,</strong></span> <span class='ocrx_word' id='word_1_227' title='bbox 533 1710 574 1765; x_wconf 93' lang='grc'><strong>2.</strong></span> <span class='ocrx_word' id='word_1_228' title='bbox 599 1713 681 1761; x_wconf 94' lang='lat' dir='ltr'>XII,</span> <span class='ocrx_word' id='word_1_229' title='bbox 706 1709 746 1753; x_wconf 91' lang='grc'><strong>2.</strong></span> <span class='ocrx_word' id='word_1_230' title='bbox 772 1712 886 1760; x_wconf 89' lang='lat' dir='ltr'>XVII,</span> <span class='ocrx_word' id='word_1_231' title='bbox 911 1709 952 1752; x_wconf 88' lang='lat'><strong>4.</strong></span> <span class='ocrx_word' id='word_1_232' title='bbox 979 1708 1048 1752; x_wconf 71' lang='grc'><strong>24.</strong></span> <span class='ocrx_word' id='word_1_233' title='bbox 1074 1711 1173 1759; x_wconf 85' lang='lat' dir='ltr'>XXI,</span> <span class='ocrx_word' id='word_1_234' title='bbox 1197 1707 1227 1750; x_wconf 85' lang='grc'><strong>6</strong></span> <span class='ocrx_word' id='word_1_235' title='bbox 1251 1711 1299 1750; x_wconf 85' lang='lat' dir='ltr'><strong>cf.</strong></span> <span class='ocrx_word' id='word_1_236' title='bbox 1329 1710 1399 1751; x_wconf 83' lang='lat' dir='ltr'><strong>An.</strong></span> <span class='ocrx_word' id='word_1_237' title='bbox 1425 1705 1481 1749; x_wconf 89' lang='lat'><strong>39</strong></span> <span class='ocrx_word' id='word_1_238' title='bbox 1507 1705 1627 1760; x_wconf 65' lang='grc' dir='ltr'>(μή),</span> <span class='ocrx_word' id='word_1_239' title='bbox 1653 1705 1703 1748; x_wconf 87' lang='lat'><strong>3:</strong></span> <span class='ocrx_word' id='word_1_240' title='bbox 1728 1702 1857 1747; x_wconf 89' lang='grc' dir='ltr'><strong><em>Μού-</em></strong></span> 
     </span>
     <span class='ocr_line' id='line_1_25' title="bbox 131 1774 1857 1832; baseline -0.004 -11"><span class='ocrx_word' id='word_1_241' title='bbox 131 1793 209 1826; x_wconf 84' lang='grc' dir='ltr'><strong>σας</strong></span> <span class='ocrx_word' id='word_1_242' title='bbox 240 1777 427 1832; x_wconf 72' lang='grc' dir='ltr'><strong><em>λιγαίνειν</em></strong></span> <span class='ocrx_word' id='word_1_243' title='bbox 460 1786 499 1820; x_wconf 83' lang='lat' dir='ltr'><strong>et</strong></span> <span class='ocrx_word' id='word_1_244' title='bbox 527 1780 601 1820; x_wconf 84' lang='lat' dir='ltr'><strong>An.</strong></span> <span class='ocrx_word' id='word_1_245' title='bbox 639 1776 697 1820; x_wconf 80' lang='lat'><strong>62</strong></span> <span class='ocrx_word' id='word_1_246' title='bbox 729 1775 849 1832; x_wconf 73' lang='grc' dir='ltr'><strong>(ξδ’);</strong></span> <span class='ocrx_word' id='word_1_247' title='bbox 885 1775 1018 1831; x_wconf 81' lang='grc' dir='ltr'><strong><em>λόγοις</em></strong></span> <span class='ocrx_word' id='word_1_248' title='bbox 1051 1777 1238 1831; x_wconf 79' lang='grc' dir='ltr'><strong><em>λιγαι’νω;</em></strong></span> <span class='ocrx_word' id='word_1_249' title='bbox 1281 1783 1364 1818; x_wconf 85' lang='lat' dir='ltr'><strong>tum</strong></span> <span class='ocrx_word' id='word_1_250' title='bbox 1394 1776 1615 1828; x_wconf 76' lang='grc' dir='ltr'><strong><em>μέλπειν</em></strong></span> <span class='ocrx_word' id='word_1_251' title='bbox 1652 1781 1719 1816; x_wconf 82' lang='lat' dir='ltr'><strong>aut</strong></span> <span class='ocrx_word' id='word_1_252' title='bbox 1752 1774 1857 1815; x_wconf 88' lang='lat' dir='ltr'><strong>nude</strong></span> 
     </span>
     <span class='ocr_line' id='line_1_26' title="bbox 129 1839 1857 1901; baseline -0.003 -14"><span class='ocrx_word' id='word_1_253' title='bbox 129 1846 305 1901; x_wconf 83' lang='lat' dir='ltr'><strong>positum</strong></span> <span class='ocrx_word' id='word_1_254' title='bbox 328 1844 482 1898; x_wconf 77' lang='grc' dir='ltr'><strong><em>ὕμνους</em></strong></span> <span class='ocrx_word' id='word_1_255' title='bbox 507 1847 580 1888; x_wconf 86' lang='lat' dir='ltr'><strong>od.</strong></span> <span class='ocrx_word' id='word_1_256' title='bbox 607 1847 650 1897; x_wconf 89' lang='lat' dir='ltr'><strong>V,</strong></span> <span class='ocrx_word' id='word_1_257' title='bbox 675 1843 743 1887; x_wconf 87' lang='lat'><strong>35.</strong></span> <span class='ocrx_word' id='word_1_258' title='bbox 779 1839 893 1898; x_wconf 78' lang='grc' dir='ltr'><strong><em>ἆσμα</em></strong></span> <span class='ocrx_word' id='word_1_259' title='bbox 919 1848 991 1888; x_wconf 89' lang='lat' dir='ltr'><strong>od.</strong></span> <span class='ocrx_word' id='word_1_260' title='bbox 1018 1847 1078 1895; x_wconf 92' lang='lat' dir='ltr'><strong>VI,</strong></span> <span class='ocrx_word' id='word_1_261' title='bbox 1102 1843 1172 1886; x_wconf 87' lang='grc'><strong>21.</strong></span> <span class='ocrx_word' id='word_1_262' title='bbox 1203 1842 1325 1898; x_wconf 89' lang='grc' dir='ltr'><strong><em>χάριν</em></strong></span> <span class='ocrx_word' id='word_1_263' title='bbox 1350 1846 1423 1887; x_wconf 84' lang='lat' dir='ltr'><strong>Od.</strong></span> <span class='ocrx_word' id='word_1_264' title='bbox 1449 1846 1509 1885; x_wconf 90' lang='lat' dir='ltr'><strong>VI.</strong></span> <span class='ocrx_word' id='word_1_265' title='bbox 1534 1841 1602 1884; x_wconf 86' lang='lat'><strong>38.</strong></span> <span class='ocrx_word' id='word_1_266' title='bbox 1650 1839 1857 1895; x_wconf 76' lang='grc' dir='ltr'><strong><em>πάρθενον</em></strong></span> 
     </span>
     <span class='ocr_line' id='line_1_27' title="bbox 127 1902 1855 1966; baseline -0.005 -9"><span class='ocrx_word' id='word_1_267' title='bbox 127 1914 230 1965; x_wconf 84' lang='lat' dir='ltr'>XIII,</span> <span class='ocrx_word' id='word_1_268' title='bbox 255 1912 323 1957; x_wconf 89' lang='grc'><strong>12.</strong></span> <span class='ocrx_word' id='word_1_269' title='bbox 367 1917 503 1966; x_wconf 82' lang='grc' dir='ltr'><strong><em>νομῆιι</em></strong></span> <span class='ocrx_word' id='word_1_270' title='bbox 529 1916 610 1964; x_wconf 90' lang='lat' dir='ltr'>XII,</span> <span class='ocrx_word' id='word_1_271' title='bbox 635 1912 703 1956; x_wconf 86' lang='grc'><strong>23.</strong></span> <span class='ocrx_word' id='word_1_272' title='bbox 731 1919 798 1955; x_wconf 87' lang='lat' dir='ltr'><strong>aut</strong></span> <span class='ocrx_word' id='word_1_273' title='bbox 822 1902 913 1954; x_wconf 79' lang='lat' dir='ltr'><strong>cuin</strong></span> <span class='ocrx_word' id='word_1_274' title='bbox 938 1914 1066 1954; x_wconf 86' lang='lat' dir='ltr'><strong>dativo</strong></span> <span class='ocrx_word' id='word_1_275' title='bbox 1091 1914 1160 1962; x_wconf 86' lang='lat' dir='ltr'><strong>rei,</strong></span> <span class='ocrx_word' id='word_1_276' title='bbox 1187 1927 1264 1966; x_wconf 89' lang='lat' dir='ltr'><strong>qua</strong></span> <span class='ocrx_word' id='word_1_277' title='bbox 1289 1913 1508 1954; x_wconf 78' lang='lat' dir='ltr'><strong>celebratur</strong></span> <span class='ocrx_word' id='word_1_278' title='bbox 1538 1911 1701 1964; x_wconf 84' lang='grc' dir='ltr'><strong><em>μέλεσιν</em></strong></span> <span class='ocrx_word' id='word_1_279' title='bbox 1725 1911 1789 1959; x_wconf 86' lang='lat' dir='ltr'><strong>IX,</strong></span> <span class='ocrx_word' id='word_1_280' title='bbox 1814 1906 1855 1950; x_wconf 88' lang='grc'><strong>8.</strong></span> 
     </span>
     <span class='ocr_line' id='line_1_28' title="bbox 127 1975 1856 2035; baseline -0.003 -13"><span class='ocrx_word' id='word_1_281' title='bbox 127 1980 291 2035; x_wconf 73' lang='grc' dir='ltr'><strong><em>πηκτΐδι</em></strong></span> <span class='ocrx_word' id='word_1_282' title='bbox 313 1983 426 2032; x_wconf 90' lang='lat' dir='ltr'>XVII,</span> <span class='ocrx_word' id='word_1_283' title='bbox 454 1979 521 2023; x_wconf 89' lang='lat'><strong>18.</strong></span> <span class='ocrx_word' id='word_1_284' title='bbox 548 1983 595 2022; x_wconf 81' lang='lat' dir='ltr'><strong>cf.</strong></span> <span class='ocrx_word' id='word_1_285' title='bbox 615 1983 689 2023; x_wconf 85' lang='lat' dir='ltr'><strong>An.</strong></span> <span class='ocrx_word' id='word_1_286' title='bbox 715 1979 771 2023; x_wconf 87' lang='lat'><strong>39</strong></span> <span class='ocrx_word' id='word_1_287' title='bbox 797 1978 918 2034; x_wconf 83' lang='grc' dir='ltr'><strong>(μη’),</strong></span> <span class='ocrx_word' id='word_1_288' title='bbox 946 1979 1020 2022; x_wconf 87' lang='lat'><strong>15:</strong></span> <span class='ocrx_word' id='word_1_289' title='bbox 1044 1981 1188 2034; x_wconf 82' lang='grc' dir='ltr'><strong><em>μέλπω</em></strong></span> <span class='ocrx_word' id='word_1_290' title='bbox 1209 1977 1352 2032; x_wconf 82' lang='grc' dir='ltr'><strong><em>βιότου</em></strong></span> <span class='ocrx_word' id='word_1_291' title='bbox 1377 1975 1569 2033; x_wconf 77' lang='grc' dir='ltr'><strong>γαλήνην.</strong></span> <span class='ocrx_word' id='word_1_292' title='bbox 1601 1977 1657 2019; x_wconf 90' lang='grc'><strong>41</strong></span> <span class='ocrx_word' id='word_1_293' title='bbox 1682 1975 1790 2031; x_wconf 87' lang='grc' dir='ltr'><strong>(λς’),</strong></span> <span class='ocrx_word' id='word_1_294' title='bbox 1810 1975 1856 2018; x_wconf 86' lang='grc'><strong>2;</strong></span> 
     </span>
     <span class='ocr_line' id='line_1_29' title="bbox 127 2043 1858 2104; baseline -0.004 -14"><span class='ocrx_word' id='word_1_295' title='bbox 127 2047 644 2102; x_wconf 77' lang='grc' dir='ltr'><strong><em>ἇναμέλψομεν-Βάκχον.</em></strong></span> <span class='ocrx_word' id='word_1_296' title='bbox 693 2047 750 2090; x_wconf 86' lang='grc'><strong>53</strong></span> <span class='ocrx_word' id='word_1_297' title='bbox 776 2046 882 2104; x_wconf 75' lang='lat' dir='ltr'>(vy&#39;),</span> <span class='ocrx_word' id='word_1_298' title='bbox 908 2047 956 2090; x_wconf 83' lang='lat'><strong>3:</strong></span> <span class='ocrx_word' id='word_1_299' title='bbox 993 2046 1116 2103; x_wconf 81' lang='grc' dir='ltr'><strong><em>ῥόδον</em></strong></span> <span class='ocrx_word' id='word_1_300' title='bbox 1139 2048 1324 2101; x_wconf 73' lang='grc' dir='ltr'><strong><em>με’λπεινς</em></strong></span> <span class='ocrx_word' id='word_1_301' title='bbox 1369 2048 1538 2101; x_wconf 87' lang='lat' dir='ltr'><strong>denique</strong></span> <span class='ocrx_word' id='word_1_302' title='bbox 1568 2049 1704 2099; x_wconf 83' lang='grc' dir='ltr'><strong><em>βοᾶν</em></strong></span> <span class='ocrx_word' id='word_1_303' title='bbox 1735 2043 1858 2096; x_wconf 75' lang='grc' dir='ltr'><strong><em>μέλος</em></strong></span> 
     </span>
     <span class='ocr_line' id='line_1_30' title="bbox 130 2111 1856 2170; baseline -0.003 -13"><span class='ocrx_word' id='word_1_304' title='bbox 130 2117 205 2170; x_wconf 82' lang='lat' dir='ltr'><strong>Od.</strong></span> <span class='ocrx_word' id='word_1_305' title='bbox 229 2118 271 2167; x_wconf 89' lang='lat' dir='ltr'><strong>V,</strong></span> <span class='ocrx_word' id='word_1_306' title='bbox 295 2115 337 2158; x_wconf 83' lang='lat'><strong>4.</strong></span> <span class='ocrx_word' id='word_1_307' title='bbox 382 2114 512 2169; x_wconf 75' lang='grc' dir='ltr'><strong><em>ὕμνον</em></strong></span> <span class='ocrx_word' id='word_1_308' title='bbox 536 2118 609 2159; x_wconf 88' lang='lat' dir='ltr'><strong>Od.</strong></span> <span class='ocrx_word' id='word_1_309' title='bbox 634 2117 699 2166; x_wconf 90' lang='lat' dir='ltr'><strong>XI,</strong></span> <span class='ocrx_word' id='word_1_310' title='bbox 723 2115 763 2158; x_wconf 87' lang='lat'><strong>3.</strong></span> <span class='ocrx_word' id='word_1_311' title='bbox 790 2118 919 2166; x_wconf 88' lang='lat' dir='ltr'>XVIII,</span> <span class='ocrx_word' id='word_1_312' title='bbox 945 2114 985 2157; x_wconf 88' lang='lat'><strong>9.</strong></span> <span class='ocrx_word' id='word_1_313' title='bbox 1020 2111 1136 2168; x_wconf 73' lang='grc' dir='ltr'><strong><em>εἶχος</em></strong></span> <span class='ocrx_word' id='word_1_314' title='bbox 1160 2118 1241 2166; x_wconf 87' lang='lat' dir='ltr'>XII,</span> <span class='ocrx_word' id='word_1_315' title='bbox 1267 2113 1307 2164; x_wconf 88' lang='lat'><strong>9,</strong></span> <span class='ocrx_word' id='word_1_316' title='bbox 1341 2114 1490 2162; x_wconf 72' lang='grc' dir='ltr'><strong><em>σθένος</em></strong></span> <span class='ocrx_word' id='word_1_317' title='bbox 1513 2116 1555 2164; x_wconf 93' lang='lat' dir='ltr'><strong>V,</strong></span> <span class='ocrx_word' id='word_1_318' title='bbox 1582 2112 1679 2155; x_wconf 86' lang='lat'><strong>101.</strong></span> <span class='ocrx_word' id='word_1_319' title='bbox 1708 2114 1757 2153; x_wconf 83' lang='lat' dir='ltr'><strong>cf.</strong></span> <span class='ocrx_word' id='word_1_320' title='bbox 1782 2114 1856 2152; x_wconf 90' lang='lat' dir='ltr'><strong>An.</strong></span> 
     </span>
     <span class='ocr_line' id='line_1_31' title="bbox 130 2181 1856 2238; baseline -0.003 -13"><span class='ocrx_word' id='word_1_321' title='bbox 130 2184 178 2225; x_wconf 79' lang='lat' dir='ltr'><strong>fr.</strong></span> <span class='ocrx_word' id='word_1_322' title='bbox 202 2185 239 2225; x_wconf 92' lang='lat' dir='ltr'><strong>II</strong></span> <span class='ocrx_word' id='word_1_323' title='bbox 262 2181 369 2238; x_wconf 77' lang='grc' dir='ltr'><strong><em>(νζ),</em></strong></span> <span class='ocrx_word' id='word_1_324' title='bbox 393 2182 470 2226; x_wconf 83' lang='grc'><strong>29;</strong></span> <span class='ocrx_word' id='word_1_325' title='bbox 502 2183 627 2236; x_wconf 75' lang='grc' dir='ltr'><strong><em>μέλος</em></strong></span> <span class='ocrx_word' id='word_1_326' title='bbox 660 2184 858 2236; x_wconf 80' lang='grc' dir='ltr'><strong><em>κροαίνων</em></strong></span> <span class='ocrx_word' id='word_1_327' title='bbox 889 2182 1047 2236; x_wconf 79' lang='grc' dir='ltr'><strong>βοῆσω.</strong></span> <span class='ocrx_word' id='word_1_328' title='bbox 1107 2185 1197 2224; x_wconf 91' lang='lat' dir='ltr'><strong>Non</strong></span> <span class='ocrx_word' id='word_1_329' title='bbox 1230 2184 1362 2224; x_wconf 90' lang='lat' dir='ltr'><strong>minus</strong></span> <span class='ocrx_word' id='word_1_330' title='bbox 1398 2196 1498 2236; x_wconf 91' lang='lat' dir='ltr'><strong>quae</strong></span> <span class='ocrx_word' id='word_1_331' title='bbox 1533 2183 1582 2223; x_wconf 88' lang='lat' dir='ltr'><strong>ad</strong></span> <span class='ocrx_word' id='word_1_332' title='bbox 1616 2182 1739 2235; x_wconf 58' lang='lat' dir='ltr'><strong>lyram</strong></span> <span class='ocrx_word' id='word_1_333' title='bbox 1764 2193 1856 2233; x_wconf 91' lang='lat' dir='ltr'><strong>per-</strong></span> 
     </span>
     <span class='ocr_line' id='line_1_32' title="bbox 126 2244 1856 2306; baseline -0.003 -13"><span class='ocrx_word' id='word_1_334' title='bbox 126 2253 259 2293; x_wconf 84' lang='lat' dir='ltr'><strong>tinent</strong></span> <span class='ocrx_word' id='word_1_335' title='bbox 281 2245 445 2293; x_wconf 65' lang='lat' dir='ltr'><strong>dicendi&#39;</strong></span> <span class='ocrx_word' id='word_1_336' title='bbox 463 2252 674 2301; x_wconf 78' lang='lat' dir='ltr'><strong>formulae,</strong></span> <span class='ocrx_word' id='word_1_337' title='bbox 712 2248 840 2306; x_wconf 80' lang='grc' dir='ltr'><strong><em>λύρην</em></strong></span> <span class='ocrx_word' id='word_1_338' title='bbox 866 2251 995 2292; x_wconf 75' lang='grc' dir='ltr'><strong><em>δονεῖν</em></strong></span> <span class='ocrx_word' id='word_1_339' title='bbox 1019 2252 1092 2292; x_wconf 88' lang='lat' dir='ltr'><strong>Od.</strong></span> <span class='ocrx_word' id='word_1_340' title='bbox 1118 2252 1184 2301; x_wconf 92' lang='grc' dir='ltr'><strong>ΠΙ,</strong></span> <span class='ocrx_word' id='word_1_341' title='bbox 1210 2249 1250 2292; x_wconf 88' lang='grc'><strong>3.</strong></span> <span class='ocrx_word' id='word_1_342' title='bbox 1286 2251 1387 2300; x_wconf 84' lang='lat' dir='ltr'>XIII,</span> <span class='ocrx_word' id='word_1_343' title='bbox 1413 2249 1454 2291; x_wconf 84' lang='lat'><strong>5.-</strong></span> <span class='ocrx_word' id='word_1_344' title='bbox 1486 2251 1598 2299; x_wconf 86' lang='lat' dir='ltr'>XVII,</span> <span class='ocrx_word' id='word_1_345' title='bbox 1623 2248 1664 2291; x_wconf 89' lang='grc'><strong>2.</strong></span> <span class='ocrx_word' id='word_1_346' title='bbox 1690 2249 1791 2289; x_wconf 88' lang='grc' dir='ltr'><strong>ΧΧΙ.</strong></span> <span class='ocrx_word' id='word_1_347' title='bbox 1815 2244 1856 2288; x_wconf 92' lang='grc'><strong>2.</strong></span> 
     </span>
     <span class='ocr_line' id='line_1_33' title="bbox 129 2313 1858 2373; baseline -0.003 -14"><span class='ocrx_word' id='word_1_348' title='bbox 129 2319 341 2373; x_wconf 50' lang='grc' dir='ltr'><strong><em>πηκτίδοςν</em></strong></span> <span class='ocrx_word' id='word_1_349' title='bbox 357 2317 561 2373; x_wconf 75' lang='grc' dir='ltr'><strong><em>ἄρχεσθαι</em></strong></span> <span class='ocrx_word' id='word_1_350' title='bbox 584 2320 645 2369; x_wconf 92' lang='lat' dir='ltr'><strong>VI,</strong></span> <span class='ocrx_word' id='word_1_351' title='bbox 673 2318 740 2360; x_wconf 93' lang='lat'><strong>17.</strong></span> <span class='ocrx_word' id='word_1_352' title='bbox 789 2317 968 2373; x_wconf 74' lang='grc' dir='ltr'><strong><em>κιθάρην</em></strong></span> <span class='ocrx_word' id='word_1_353' title='bbox 1000 2316 1188 2371; x_wconf 77' lang='grc' dir='ltr'><strong><em>πλήττειν</em></strong></span> <span class='ocrx_word' id='word_1_354' title='bbox 1218 2319 1301 2368; x_wconf 90' lang='lat' dir='ltr'>XII,</span> <span class='ocrx_word' id='word_1_355' title='bbox 1328 2316 1394 2359; x_wconf 89' lang='lat'><strong>19.</strong></span> <span class='ocrx_word' id='word_1_356' title='bbox 1444 2314 1624 2370; x_wconf 74' lang='grc' dir='ltr'><strong><em>κιθάρην</em></strong></span> <span class='ocrx_word' id='word_1_357' title='bbox 1656 2313 1858 2357; x_wconf 80' lang='grc' dir='ltr'><strong><em>τινάσσειν</em></strong></span> 
     </span>
     <span class='ocr_line' id='line_1_34' title="bbox 127 2381 1858 2441; baseline -0.003 -12"><span class='ocrx_word' id='word_1_358' title='bbox 127 2386 191 2436; x_wconf 69' lang='lat' dir='ltr'><strong>lx,</strong></span> <span class='ocrx_word' id='word_1_359' title='bbox 210 2384 251 2428; x_wconf 86' lang='grc'><strong>6.</strong></span> <span class='ocrx_word' id='word_1_360' title='bbox 276 2388 382 2441; x_wconf 87' lang='lat' dir='ltr'><strong>apud</strong></span> <span class='ocrx_word' id='word_1_361' title='bbox 405 2388 584 2428; x_wconf 90' lang='lat' dir='ltr'><strong>melodos</strong></span> <span class='ocrx_word' id='word_1_362' title='bbox 608 2388 696 2428; x_wconf 87' lang='lat' dir='ltr'><strong>illos</strong></span> <span class='ocrx_word' id='word_1_363' title='bbox 714 2388 1025 2428; x_wconf 80' lang='lat' dir='ltr'><strong>Anacreonticos</strong></span> <span class='ocrx_word' id='word_1_364' title='bbox 1051 2388 1092 2427; x_wconf 92' lang='lat' dir='ltr'><strong>in</strong></span> <span class='ocrx_word' id='word_1_365' title='bbox 1116 2400 1192 2427; x_wconf 90' lang='lat' dir='ltr'><strong>usu</strong></span> <span class='ocrx_word' id='word_1_366' title='bbox 1217 2388 1324 2427; x_wconf 81' lang='lat' dir='ltr'><strong>suere</strong></span> <span class='ocrx_word' id='word_1_367' title='bbox 1350 2387 1397 2426; x_wconf 84' lang='lat' dir='ltr'><strong>cf.</strong></span> <span class='ocrx_word' id='word_1_368' title='bbox 1418 2387 1491 2427; x_wconf 90' lang='lat' dir='ltr'><strong>An.</strong></span> <span class='ocrx_word' id='word_1_369' title='bbox 1511 2386 1558 2426; x_wconf 84' lang='lat' dir='ltr'><strong>fr.</strong></span> <span class='ocrx_word' id='word_1_370' title='bbox 1583 2387 1632 2426; x_wconf 92' lang='grc' dir='ltr'><strong>Π.</strong></span> <span class='ocrx_word' id='word_1_371' title='bbox 1658 2381 1753 2438; x_wconf 70' lang='grc' dir='ltr'><strong><em>(νζ)</em></strong></span> <span class='ocrx_word' id='word_1_372' title='bbox 1777 2381 1858 2424; x_wconf 78' lang='grc' dir='ltr'><strong>ἄνα</strong></span> 
     </span>
     <span class='ocr_line' id='line_1_35' title="bbox 128 2448 1859 2508; baseline -0.002 -15"><span class='ocrx_word' id='word_1_373' title='bbox 128 2450 328 2507; x_wconf 80' lang='grc' dir='ltr'><strong><em>βάρβιτον</em></strong></span> <span class='ocrx_word' id='word_1_374' title='bbox 363 2452 536 2508; x_wconf 80' lang='grc' dir='ltr'><strong><em>δονήσω.</em></strong></span> <span class='ocrx_word' id='word_1_375' title='bbox 607 2456 724 2504; x_wconf 87' lang='lat' dir='ltr'><strong>Quod</strong></span> <span class='ocrx_word' id='word_1_376' title='bbox 759 2456 798 2496; x_wconf 90' lang='lat' dir='ltr'><strong>in</strong></span> <span class='ocrx_word' id='word_1_377' title='bbox 836 2455 1118 2496; x_wconf 84' lang='lat' dir='ltr'><strong>Anacreonteis</strong></span> <span class='ocrx_word' id='word_1_378' title='bbox 1163 2454 1330 2495; x_wconf 82' lang='lat' dir='ltr'><strong>maxime</strong></span> <span class='ocrx_word' id='word_1_379' title='bbox 1363 2454 1506 2494; x_wconf 87' lang='lat' dir='ltr'><strong>locum·</strong></span> <span class='ocrx_word' id='word_1_380' title='bbox 1531 2453 1651 2494; x_wconf 88' lang='lat' dir='ltr'><strong>habet</strong></span> <span class='ocrx_word' id='word_1_381' title='bbox 1678 2448 1859 2504; x_wconf 84' lang='grc' dir='ltr'><strong><em>χορεύειν</em></strong></span> 
     </span>
     <span class='ocr_line' id='line_1_36' title="bbox 130 2516 1857 2576; baseline -0.002 -14"><span class='ocrx_word' id='word_1_382' title='bbox 130 2521 365 2563; x_wconf 83' lang='lat' dir='ltr'><strong>vocabulum</strong></span> <span class='ocrx_word' id='word_1_383' title='bbox 389 2523 558 2574; x_wconf 85' lang='lat' dir='ltr'><strong>genuina</strong></span> <span class='ocrx_word' id='word_1_384' title='bbox 581 2524 746 2563; x_wconf 91' lang='lat' dir='ltr'><strong>notione</strong></span> <span class='ocrx_word' id='word_1_385' title='bbox 771 2523 919 2576; x_wconf 81' lang='lat' dir='ltr'><strong>dietum</strong></span> <span class='ocrx_word' id='word_1_386' title='bbox 944 2524 992 2562; x_wconf 84' lang='lat' dir='ltr'><strong>ef.</strong></span> <span class='ocrx_word' id='word_1_387' title='bbox 1018 2519 1058 2561; x_wconf 88' lang='lat'><strong>5.</strong></span> <span class='ocrx_word' id='word_1_388' title='bbox 1084 2518 1192 2574; x_wconf 67' lang='grc' dir='ltr'><strong>(οβ’)</strong></span> <span class='ocrx_word' id='word_1_389' title='bbox 1218 2518 1285 2562; x_wconf 89' lang='grc'><strong>16.</strong></span> <span class='ocrx_word' id='word_1_390' title='bbox 1317 2518 1346 2562; x_wconf 89' lang='grc'><strong>6</strong></span> <span class='ocrx_word' id='word_1_391' title='bbox 1371 2518 1493 2574; x_wconf 83' lang='grc' dir='ltr'><strong>(μα’),</strong></span> <span class='ocrx_word' id='word_1_392' title='bbox 1518 2518 1559 2561; x_wconf 94' lang='grc'><strong>7.</strong></span> <span class='ocrx_word' id='word_1_393' title='bbox 1594 2518 1652 2561; x_wconf 86' lang='grc'><strong>24</strong></span> <span class='ocrx_word' id='word_1_394' title='bbox 1677 2516 1789 2573; x_wconf 83' lang='grc' dir='ltr'><strong>(λη’),</strong></span> <span class='ocrx_word' id='word_1_395' title='bbox 1815 2516 1857 2560; x_wconf 91' lang='grc'><strong>8.</strong></span> 
     </span>
     <span class='ocr_line' id='line_1_37' title="bbox 131 2580 1860 2643; baseline -0.002 -12"><span class='ocrx_word' id='word_1_396' title='bbox 131 2586 189 2631; x_wconf 84' lang='grc'><strong>27</strong></span> <span class='ocrx_word' id='word_1_397' title='bbox 211 2585 328 2642; x_wconf 77' lang='grc' dir='ltr'>(μζ),</span> <span class='ocrx_word' id='word_1_398' title='bbox 352 2586 379 2629; x_wconf 88' lang='lat'>5</span> <span class='ocrx_word' id='word_1_399' title='bbox 404 2583 492 2638; x_wconf 68' lang='lat' dir='ltr'><strong>ete„</strong></span> <span class='ocrx_word' id='word_1_400' title='bbox 519 2604 541 2631; x_wconf 85' lang='lat' dir='ltr'><strong>a</strong></span> <span class='ocrx_word' id='word_1_401' title='bbox 565 2590 792 2643; x_wconf 87' lang='lat' dir='ltr'><strong>Sophronio</strong></span> <span class='ocrx_word' id='word_1_402' title='bbox 817 2580 1215 2630; x_wconf 53' lang='lat' dir='ltr'><strong>maxime&#39;adamatur</strong></span> <span class='ocrx_word' id='word_1_403' title='bbox 1247 2590 1296 2629; x_wconf 84' lang='lat' dir='ltr'><strong>ad</strong></span> <span class='ocrx_word' id='word_1_404' title='bbox 1322 2590 1520 2629; x_wconf 88' lang='lat' dir='ltr'><strong>internum</strong></span> <span class='ocrx_word' id='word_1_405' title='bbox 1545 2588 1860 2629; x_wconf 86' lang='lat' dir='ltr'><strong>Christianorum</strong></span> 
     </span>
     <span class='ocr_line' id='line_1_38' title="bbox 132 2652 1860 2710; baseline -0.002 -13"><span class='ocrx_word' id='word_1_406' title='bbox 132 2657 318 2709; x_wconf 81' lang='lat' dir='ltr'><strong>gaudium</strong></span> <span class='ocrx_word' id='word_1_407' title='bbox 352 2656 653 2709; x_wconf 84' lang='lat' dir='ltr'><strong>significandum</strong></span> <span class='ocrx_word' id='word_1_408' title='bbox 678 2658 726 2697; x_wconf 83' lang='lat' dir='ltr'><strong>cf.</strong></span> <span class='ocrx_word' id='word_1_409' title='bbox 755 2658 827 2698; x_wconf 88' lang='lat' dir='ltr'><strong>Od.</strong></span> <span class='ocrx_word' id='word_1_410' title='bbox 854 2657 899 2705; x_wconf 91' lang='lat' dir='ltr'><strong>X,</strong></span> <span class='ocrx_word' id='word_1_411' title='bbox 925 2653 982 2697; x_wconf 90' lang='grc'><strong>68</strong></span> <span class='ocrx_word' id='word_1_412' title='bbox 1006 2656 1161 2710; x_wconf 74' lang='grc' dir='ltr'><strong><em>ἐσορῶν</em></strong></span> <span class='ocrx_word' id='word_1_413' title='bbox 1186 2654 1355 2709; x_wconf 72' lang='grc' dir='ltr'><strong><em>ἀγλαΐην</em></strong></span> <span class='ocrx_word' id='word_1_414' title='bbox 1379 2653 1429 2707; x_wconf 73' lang='grc' dir='ltr'><strong>ἣν</strong></span> <span class='ocrx_word' id='word_1_415' title='bbox 1453 2652 1550 2708; x_wconf 85' lang='grc' dir='ltr'><strong><em>λάχε</em></strong></span> <span class='ocrx_word' id='word_1_416' title='bbox 1573 2655 1778 2701; x_wconf 86' lang='grc' dir='ltr'><strong><em>Παῦλος-</em></strong></span> <span class='ocrx_word' id='word_1_417' title='bbox 1782 2669 1860 2706; x_wconf 87' lang='grc' dir='ltr'><strong><em>χο-</em></strong></span> 
     </span>
     <span class='ocr_line' id='line_1_39' title="bbox 132 2720 1860 2778; baseline -0.002 -13"><span class='ocrx_word' id='word_1_418' title='bbox 132 2721 280 2778; x_wconf 80' lang='grc' dir='ltr'><strong><em>ρεύσω.</em></strong></span> <span class='ocrx_word' id='word_1_419' title='bbox 316 2725 397 2773; x_wconf 90' lang='lat' dir='ltr'>XII,</span> <span class='ocrx_word' id='word_1_420' title='bbox 422 2722 471 2765; x_wconf 87' lang='lat'><strong>4:</strong></span> <span class='ocrx_word' id='word_1_421' title='bbox 498 2724 617 2777; x_wconf 84' lang='grc' dir='ltr'><strong><em>στίχα</em></strong></span> <span class='ocrx_word' id='word_1_422' title='bbox 641 2722 862 2777; x_wconf 84' lang='grc' dir='ltr'><strong><em>μαρτύρων</em></strong></span> <span class='ocrx_word' id='word_1_423' title='bbox 882 2720 1078 2776; x_wconf 83' lang='grc' dir='ltr'><strong><em>χορεύειν.</em></strong></span> <span class='ocrx_word' id='word_1_424' title='bbox 1114 2725 1226 2771; x_wconf 90' lang='lat' dir='ltr'>XVII,</span> <span class='ocrx_word' id='word_1_425' title='bbox 1256 2721 1358 2764; x_wconf 86' lang='lat'><strong>105:</strong></span> <span class='ocrx_word' id='word_1_426' title='bbox 1379 2722 1449 2763; x_wconf 73' lang='grc' dir='ltr'><strong>ἵνα</strong></span> <span class='ocrx_word' id='word_1_427' title='bbox 1470 2721 1544 2763; x_wconf 78' lang='grc' dir='ltr'><strong>σὺν</strong></span> <span class='ocrx_word' id='word_1_428' title='bbox 1569 2722 1667 2777; x_wconf 78' lang='grc' dir='ltr'><strong><em>ξένῳ</em></strong></span> <span class='ocrx_word' id='word_1_429' title='bbox 1693 2722 1860 2774; x_wconf 81' lang='grc' dir='ltr'><strong><em>πολίτης</em></strong></span> 
     </span>
     <span class='ocr_line' id='line_1_40' title="bbox 132 2787 1858 2846; baseline -0.001 -15"><span class='ocrx_word' id='word_1_430' title='bbox 132 2790 239 2832; x_wconf 73' lang='grc' dir='ltr'><strong><em>ἐσαεὶ</em></strong></span> <span class='ocrx_word' id='word_1_431' title='bbox 262 2793 388 2846; x_wconf 81' lang='grc' dir='ltr'><strong><em>γελῶν</em></strong></span> <span class='ocrx_word' id='word_1_432' title='bbox 407 2789 586 2845; x_wconf 73' lang='grc' dir='ltr'><strong><em>χορεύοι.</em></strong></span> <span class='ocrx_word' id='word_1_433' title='bbox 627 2793 727 2841; x_wconf 88' lang='lat' dir='ltr'>XIX,</span> <span class='ocrx_word' id='word_1_434' title='bbox 752 2790 830 2833; x_wconf 88' lang='lat'><strong>30:</strong></span> <span class='ocrx_word' id='word_1_435' title='bbox 860 2791 986 2843; x_wconf 81' lang='grc' dir='ltr'><strong><em>μέσον</em></strong></span> <span class='ocrx_word' id='word_1_436' title='bbox 1016 2789 1354 2844; x_wconf 72' lang='grc' dir='ltr'><strong><em>ἐσμολῶν-ἱεροῦ</em></strong></span> <span class='ocrx_word' id='word_1_437' title='bbox 1378 2787 1509 2843; x_wconf 79' lang='grc' dir='ltr'><strong><em>δόμου</em></strong></span> <span class='ocrx_word' id='word_1_438' title='bbox 1530 2788 1729 2843; x_wconf 76' lang='grc' dir='ltr'><strong><em>χορεύσω.</em></strong></span> <span class='ocrx_word' id='word_1_439' title='bbox 1778 2790 1858 2837; x_wconf 84' lang='lat' dir='ltr'><strong>XX,</strong></span> 
     </span>
    </p>
   </div>
   <div class='ocr_carea' id='block_1_6' title="bbox 58 2856 1860 2915">
    <p class='ocr_par' dir='ltr' id='par_1_8' title="bbox 58 2856 1860 2915">
     <span class='ocr_line' id='line_1_41' title="bbox 58 2856 1860 2915; baseline -0.002 -15"><span class='ocrx_word' id='word_1_440' title='bbox 58 2905 62 2910; x_wconf 41' lang='grc'>,</span> <span class='ocrx_word' id='word_1_441' title='bbox 130 2856 213 2901; x_wconf 70' lang='grc'><strong>223</strong></span> <span class='ocrx_word' id='word_1_442' title='bbox 236 2856 397 2911; x_wconf 72' lang='grc' dir='ltr'><strong><em>τύμβου</em></strong></span> <span class='ocrx_word' id='word_1_443' title='bbox 420 2860 754 2915; x_wconf 80' lang='grc' dir='ltr'><strong><em>κίονας-φιλέων</em></strong></span> <span class='ocrx_word' id='word_1_444' title='bbox 779 2858 882 2912; x_wconf 79' lang='grc' dir='ltr'><strong><em>ἄγαν</em></strong></span> <span class='ocrx_word' id='word_1_445' title='bbox 903 2857 1098 2911; x_wconf 83' lang='grc' dir='ltr'><strong><em>χορεύσω.</em></strong></span> <span class='ocrx_word' id='word_1_446' title='bbox 1154 2861 1291 2912; x_wconf 88' lang='lat' dir='ltr'><strong>Neque</strong></span> <span class='ocrx_word' id='word_1_447' title='bbox 1322 2860 1464 2899; x_wconf 84' lang='lat' dir='ltr'><strong>desunt</strong></span> <span class='ocrx_word' id='word_1_448' title='bbox 1487 2858 1773 2899; x_wconf 78' lang='lat' dir='ltr'><strong>Anacreontica</strong></span> <span class='ocrx_word' id='word_1_449' title='bbox 1797 2857 1860 2897; x_wconf 82' lang='lat' dir='ltr'><strong>ina</strong></span> 
     </span>
    </p>
   </div>
   <div class='ocr_carea' id='block_1_7' title="bbox 136 2920 1861 3049">
    <p class='ocr_par' dir='ltr' id='par_1_9' title="bbox 136 2920 1861 3049">
     <span class='ocr_line' id='line_1_42' title="bbox 136 2920 1861 2981; baseline -0.002 -16"><span class='ocrx_word' id='word_1_450' title='bbox 136 2925 252 2968; x_wconf 79' lang='lat' dir='ltr'><strong>verba</strong></span> <span class='ocrx_word' id='word_1_451' title='bbox 274 2928 392 2981; x_wconf 79' lang='grc' dir='ltr'><strong><em>γελᾶν</em></strong></span> <span class='ocrx_word' id='word_1_452' title='bbox 417 2934 455 2969; x_wconf 86' lang='lat' dir='ltr'><strong>et</strong></span> <span class='ocrx_word' id='word_1_453' title='bbox 477 2926 697 2981; x_wconf 73' lang='grc' dir='ltr'><strong><em>γάνυσθαι.</em></strong></span> <span class='ocrx_word' id='word_1_454' title='bbox 724 2930 771 2968; x_wconf 84' lang='lat' dir='ltr'><strong>cf.</strong></span> <span class='ocrx_word' id='word_1_455' title='bbox 794 2929 866 2969; x_wconf 84' lang='lat' dir='ltr'><strong>od.</strong></span> <span class='ocrx_word' id='word_1_456' title='bbox 888 2928 999 2977; x_wconf 83' lang='lat' dir='ltr'>XVII,</span> <span class='ocrx_word' id='word_1_457' title='bbox 1019 2924 1100 2968; x_wconf 85' lang='lat'><strong>105</strong></span> <span class='ocrx_word' id='word_1_458' title='bbox 1124 2928 1249 2981; x_wconf 77' lang='grc' dir='ltr'><strong><em>γελῶν</em></strong></span> <span class='ocrx_word' id='word_1_459' title='bbox 1269 2924 1455 2981; x_wconf 87' lang='grc' dir='ltr'><strong><em>χορεύου.</em></strong></span> <span class='ocrx_word' id='word_1_460' title='bbox 1480 2927 1610 2975; x_wconf 86' lang='lat' dir='ltr'>XVIII,</span> <span class='ocrx_word' id='word_1_461' title='bbox 1634 2922 1684 2965; x_wconf 89' lang='lat'><strong>9:</strong></span> <span class='ocrx_word' id='word_1_462' title='bbox 1712 2920 1861 2977; x_wconf 81' lang='grc' dir='ltr'><strong><em>γελόων</em></strong></span> 
     </span>
     <span class='ocr_line' id='line_1_43' title="bbox 136 2992 1860 3049; baseline -0.001 -16"><span class='ocrx_word' id='word_1_463' title='bbox 136 2995 224 3043; x_wconf 76' lang='grc' dir='ltr'><strong><em>βοῶ</em></strong></span> <span class='ocrx_word' id='word_1_464' title='bbox 241 2993 311 3035; x_wconf 87' lang='grc' dir='ltr'><strong>τὸν</strong></span> <span class='ocrx_word' id='word_1_465' title='bbox 331 2993 469 3046; x_wconf 77' lang='grc' dir='ltr'><strong><em>ὕμνον.</em></strong></span> <span class='ocrx_word' id='word_1_466' title='bbox 496 2997 575 3043; x_wconf 85' lang='grc' dir='ltr'><strong>ΧΧ,</strong></span> <span class='ocrx_word' id='word_1_467' title='bbox 593 2994 668 3037; x_wconf 86' lang='grc'><strong>44;</strong></span> <span class='ocrx_word' id='word_1_468' title='bbox 695 2995 958 3048; x_wconf 67' lang='grc' dir='ltr'><strong><em>γεγανυμένος</em></strong></span> <span class='ocrx_word' id='word_1_469' title='bbox 985 3010 1063 3036; x_wconf 87' lang='lat' dir='ltr'><strong>non</strong></span> <span class='ocrx_word' id='word_1_470' title='bbox 1084 2994 1236 3049; x_wconf 73' lang='grc' dir='ltr'><strong><em>Λναίῳ</em></strong></span> <span class='ocrx_word' id='word_1_471' title='bbox 1262 2995 1330 3035; x_wconf 87' lang='lat' dir='ltr'><strong>sed</strong></span> <span class='ocrx_word' id='word_1_472' title='bbox 1356 3007 1558 3034; x_wconf 75' lang='lat' dir='ltr'><strong>sacrorum</strong></span> <span class='ocrx_word' id='word_1_473' title='bbox 1584 2994 1763 3033; x_wconf 78' lang='lat' dir='ltr'><strong>locorum</strong></span> <span class='ocrx_word' id='word_1_474' title='bbox 1790 2992 1860 3032; x_wconf 89' lang='lat' dir='ltr'><strong>ad—</strong></span> 
     </span>
    </p>
   </div>
  </div>
 </body>
</html>
