1910 3268
469 91 488 100 x

979 66 1036 145 ⁵⁵

143 235 379 288 Quanquam
410 232 528 284 Gygis
561 228 886 268 commemoratio
907 241 955 268 eo
982 229 1107 280 magis
1126 228 1364 268 Archilocho
1386 230 1580 278 convenit,
1602 243 1682 282 quo
1703 230 1867 281 propius

142 301 194 343 ab
215 301 301 355 eJus
325 304 452 341 aetate
480 297 615 337 aberat
649 296 788 348 Gyges,
814 301 945 335 tamen
974 301 1139 348 propter
1156 296 1260 335 hanc
1289 295 1416 348 ipsam
1436 296 1753 336 Anacreonteum
1780 309 1867 336 car-

141 380 235 425 men
271 366 453 420 spurium
496 378 584 405 esse
619 375 802 416 perverse
832 362 984 416 Judicat
1013 362 1176 414 Wolper
1212 376 1253 415 p.
1285 360 1353 403 14.
1398 363 1515 416 Gygis
1553 363 1658 403 enim
1695 373 1866 416 persona

115 421 370 489 ''mythorum
383 432 555 479 &hunis
579 431 872 483 quodammodo
902 429 1074 469 involuta
1098 442 1190 469 mox
1213 442 1286 482 pro
1312 431 1513 471 communi
1538 431 1665 471 divitis
1690 427 1867 485 exemplo

23 492 43 529 ἒς
105 527 110 531 .
131 500 410 556 ,usurpabatur
433 501 482 540 cf.
508 499 554 540 Α.
579 499 623 538 Ρ.
648 497 727 546 VII,
762 511 802 549 p.
823 494 920 536 533.
953 509 994 536 n.
1019 493 1125 536 740:
1170 493 1192 535 ὃ
1228 495 1323 549 πρὶν
1346 499 1412 537 καὶ
1442 497 1480 536 Γ
1474 495 1550 551 ύγη
1576 497 1868 552 παρισεύμειός

141 566 280 620 ὅ.λβον
298 568 351 622 A
376 568 421 608 P.
442 567 508 607 IX.
533 580 573 619 p.
597 562 654 605 39
678 577 719 604 n.
746 561 841 604 110.
867 562 915 603 οὗ
939 563 1093 617 στέργει)
1116 564 1376 616 βαθυληΐους
1400 562 1579 618 ἀρούρας

131 639 138 647 “
749 630 822 670 οἰκ
846 628 972 681 ὄλβον
995 627 1254 683 πολύχρυσον
1278 627 1345 671 οἷα
1372 629 1430 671 Γ
1406 647 1518 686 υγνς

28 716 42 731 ν
101 706 114 739 ’ἰ
138 705 191 744 cl'.
226 702 343 754 Greg.
378 702 473 742 Naz.
507 701 559 740 od
583 697 623 748 2,
649 697 695 740 7:
752 699 886 744 θέλεις
905 697 959 738 u?
990 695 1049 737 Γ
1024 712 1127 750 (γεω
1150 713 1224 739 σου
1288 703 1290 705 ’

19 760 50 771 '⁴
749 769 823 806 τοῦ
845 766 1012 806 Λυδίου
1037 766 1245 818 stud-offla«

15 812 37 851 ³
67 856 90 866 ν
145 838 196 879 At
218 837 506 878 Anacreontem
527 835 658 887 ipsum
682 833 906 873 Archilochi
931 833 1095 873 verbis·
1085 847 1126 873 in
1156 824 1314 873 brevius
1344 835 1627 888 aliquantulum
1654 814 1865 877 contractis

139 904 414 958 composuisse
439 915 611 950 carmen,
636 914 838 954 nunquam
864 901 1108 941 crediderim.
1154 902 1271 941 Modo
1296 915 1397 954 quae
1427 916 1547 955 supra
1571 904 1620 943 de
1650 904 1864 945 scoliorum

123 976 277 1013 ‘natura
302 975 419 1023 atque
443 969 593 1021 origine
614 969 911 1020 disputavimus,
933 982 1129 1008 memores
1151 969 1287 1017 simus,
1309 971 1510 1021 quomodo
1522 971 1746 1010 Archilochi
1776 985 1863 1012 rar-

28 1034 31 1039 “
93 1054 96 1058 ·
138 1051 231 1080 men
265 1038 457 1079 variatum
491 1038 544 1077 sit
577 1035 853 1087 intelligemuS.
912 1037 1003 1076 Non
1036 1049 1202 1089 possum
1234 1049 1314 1076 non
1340 1049 1652 1078 commemorare
1673 1040 1863 1079 hocloco

128 1105 339 1159 ‚quomodo
362 1105 516 1144 Lindau
543 1116 701 1143 carmen
726 1103 971 1152 intellexerit,
998 1104 1102 1143 unde
1126 1117 1226 1156 quae
1250 1104 1302 1143 sit
1322 1105 1406 1157 ejus
1433 1105 1567 1145 critica
1592 1099 1863 1159 ratio'optime

62 1201 63 1204 =
136 1178 311 1225 apparet.
354 1172 560 1212 Existimat
587 1171 692 1210 enim
717 1171 931 1221 genuinum
950 1172 1238 1211 Anacreontem
1262 1171 1302 1210 in
1327 1172 1403 1210 hoc
1428 1172 1601 1212 carmine
1626 1179 1664 1213 et
1682 1174 1862 1214 Archilo-

135 1240 255 1281 chum
278 1244 319 1279 et
340 1239 503 1292 Sappho
529 1244 568 1278 et
590 1238 776 1278 Alcaeum
801 1243 972 1289 tangere,
1000 1244 1042 1277 ut
1067 1238 1231 1290 singulis
1256 1236 1433 1290 singulus
1456 1253 1590 1280 versus
1611 1242 1860 1293 respondeat,

133 1312 285 1348 mutato
332 1306 373 1346 in
410 1306 586 1345 secundo
611 1318 727 1344 versu
755 1305 872 1356 ζῆλος
897 1318 986 1345 cum
1016 1302 1155 1351 σάλος.
1204 1307 1253 1345 At
1283 1306 1454 1358 prinlum
1488 1308 1748 1348 Archilochus
1778 1322 1859 1350 non

106 1371 111 1377 ’
134 1374 251 1416 dixit:
277 1373 366 1425 ἐμοὶ
385 1373 494 1425 μέλει
515 1371 567 1413 τὰ
590 1372 629 1411 Γ
625 1370 747 1424 oyem,
778 1373 883 1425 quod
909 1373 944 1412 ei
974 1373 1183 1413 dicendum
1210 1379 1305 1422 erat,
1327 1375 1361 1413 si
1385 1375 1592 1414 Anacreon
1617 1389 1661 1415 se
1684 1389 1767 1416 non
1788 1390 1859 1417 cu-

3 1418 26 1462 ’ἶ
48 1422 59 1463 ‘⁷
133 1453 234 1492 rare,
255 1442 362 1495 quod
387 1447 543 1481 curaret
552 1440 825 1489 Archilochus,
849 1442 1111 1493 profiteretur,
1133 1441 1202 1480 sed
1222 1441 1261 1479 id
1280 1442 1425 1493 ipsum,
1446 1443 1766 1494 quodAnacreon
1786 1445 1858 1485 ha—
1898 1439 1910 1444 *

131 1508 221 1550 bet:
254 1507 303 1549 οὔ
324 1524 395 1560 μοι
413 1507 544 1559 μέλεις
564 1513 646 1547 tum
659 1508 812 1547 Lindau
824 1509 940 1560 plane
964 1521 1046 1548 non
1067 1508 1237 1560 respexit
1255 1509 1360 1560 apud
1369 1510 1731 1562 Archilochumlegi
1742 1512 1856 1552 etiam

130 1574 218 1616 οὐδ’
242 1571 318 1617 εἷλε
341 1572 406 1616 πώ
428 1591 479 1627 με
498 1574 615 1627 ζῆλος
638 1587 767 1627 neque
789 1576 956 1627 produci
979 1576 1073 1616 illud
1095 1591 1167 1627 με,
1185 1576 1354 1628 denique
1372 1577 1515 1616 saltum
1526 1577 1647 1627 illum,
1668 1579 1717 1618 ad
1739 1592 1855 1631 quem

130 1644 302 1684 alludere
329 1649 443 1696 putat
474 1639 616 1691 σάλου,
641 1643 826 1695 Sapphus
847 1644 1061 1696 mythicum
1092 1644 1208 1696 plane
1240 1656 1328 1683 esse
1356 1649 1473 1696 atque
1506 1645 1554 1684 ad
1588 1645 1720 1698 ipsum
1750 1647 1855 1687 Ana-

67 1706 90 1739 Ϋ
131 1716 334 1752 creontem
358 1711 494 1750 referri
518 1723 600 1750 non
623 1710 814 1749 meminit.

241 1779 287 1818 In
311 1778 500 1818 vicesimo
531 1777 647 1817 tertio
684 1778 857 1818 carmine
882 1777 951 1831 (M.
965 1775 1046 1831 λό’)
1069 1769 1114 1818 'si
1147 1792 1244 1818 auro
1280 1779 1370 1818 dato
1394 1780 1470 1819 vita
1502 1779 1670 1832 produci
1703 1788 1851 1832 posset,

128 1859 174 1887 se
197 1846 283 1899 ejus
314 1845 535 1885 custodiam
566 1844 794 1884 habiturum
824 1845 946 1885 fuisse
975 1845 1184 1898 profitetur
1213 1852 1351 1904 poeta,
1382 1847 1489 1899 quod
1521 1854 1610 1887 cum
1642 1860 1759 1887 secus
1789 1848 1851 1896 sit,

5 1902 28 1940 ἵ
99 1929 101 1931 ·
129 1925 270 1954 omnes
299 1924 415 1953 curas
451 1912 702 1952 dimittendas
737 1925 826 1952 esse
859 1913 1034 1965 nihilque
1067 1915 1327 1966 spectandum
1362 1914 1438 1953 nisi
1473 1921 1516 1955 ut
1537 1914 1734 1963 bihamus,
1761 1929 1851 1955 cum

127 1981 266 2021 amicis
299 1977 522 2034 versemur}⁷
566 1980 702 2019 Veneri
726 1980 1011 2031 indulgeamus.
1071 1983 1198 2029 Quam
1223 1983 1331 2034 parvi
1366 1982 1501 2021 fecerit
1522 1984 1727 2022 Anacreon
1755 1984 1850 2022 divi-

127 2048 215 2097 tiaS,
239 2054 379 2088 notum
404 2053 465 2087 est
487 2061 531 2086 ex
555 2047 719 2086 historia
744 2047 819 2095 illa,
845 2050 921 2099 qua
947 2049 1025 2087 duo
1050 2049 1192 2089 talenta
1218 2063 1240 2089 a
1264 2051 1468 2102 Polycrate
1491 2050 1568 2102 ipsi
1592 2050 1735 2089 donata
1761 2051 1851 2089 red-

127 2115 226 2156 didit
253 2115 363 2155 ·haec
398 2115 607 2167 adjiciens:
651 2113 699 2153 οὐ
733 2117 936 2164 τιμᾶσθαι
971 2114 1074 2155 αὐτὰ
1106 2119 1180 2168 τῆς
1205 2117 1421 2170 φροντίδος
1445 2119 1494 2157 cf.
1520 2118 1669 2157 Mehlh.·
1688 2131 1727 2169 p.
1756 2114 1850 2157 138.

127 2178 194 2222 Ad‘
220 2193 307 2223 eam
327 2182 472 2234 ·ipsam
507 2195 590 2221 rem
625 2182 824 2234 respicere
847 2183 1000 2223 videtur
1033 2196 1215 2232 carmen,
1240 2185 1360 2224 modo
1385 2185 1739 2225 animadvertamus
1764 2185 1850 2224 illa:

125 2246 367 2302 ἐκαρτέρουν
386 2244 636 2302 φυλάσσων-
661 2263 974 2302 perseverassem
998 2251 1038 2290 in
1064 2251 1344 2298 custodiendo:
1369 2251 1563 2303 significat
1586 2252 1703 2303 igitur
1735 2258 1851 2304 poeta

24 2302 29 2309 ι
61 2360 69 2367 ,
128 2317 376 2358 custodiendi
400 2317 620 2369 periculum
645 2330 689 2356 se
708 2318 790 2370 jain
817 2318 968 2358 fecisse.

240 2386 290 2424 At
311 2384 403 2424 inde
426 2384 475 2424 ab
500 2385 747 2424 Anacreonte
771 2385 860 2437 ipso
885 2387 1105 2438 profectum
1132 2400 1220 2427 esse
1246 2398 1405 2426 carmen
1429 2399 1511 2426 non
1536 2393 1720 2439 apparet;
1750 2400 1850 2439 quae
1890 2415 1894 2418 -

127 2457 266 2492 contra
299 2458 538 2492 moneantur
571 2453 723 2504 singula
758 2466 1077 2505 percenseamus,
1125 2455 1301 2494 Primum
1335 2454 1428 2494 illud
1454 2450 1475 2508 ᾇ
1504 2454 1678 2500 πλοῦτος
1693 2458 1850 2505 χρυσοῦ
1891 2462 1896 2466 ’

129 2518 293 2559 offendit
313 2519 419 2559 viros
451 2521 615 2569 doctos3
647 2520 968 2572 Longepetraeus
993 2534 1033 2573 p.
1048 2519 1128 2561 121
1155 2522 1271 2561 deum
1296 2521 1453 2561 Plutum
1487 2521 1619 2574 inepte
1642 2522 1849 2570 intellexit3

26 2573 31 2576 ⁴
51 2582 56 2585 ’
127 2585 193 2626 alii
217 2587 443 2639 conjectura
468 2599 610 2627 sanare
633 2587 765 2629 locum
800 2587 1049 2637 studuerunt,
1084 2601 1201 2641 quem
1226 2594 1332 2629 recte
1356 2594 1460 2628 stare
1485 2589 1758 2641 comprobavit
1782 2590 1848 2628 F1-

127 2654 268 2703 scher,
294 2666 385 2694 cum
419 2655 459 2694 in
495 2654 734 2694 abundantia
769 2655 853 2694 auri
877 2667 1077 2695 summum
1111 2659 1292 2708 ponatur
1318 2661 1578 2696 momentum.
1629 2657 1732 2697 Tum
1757 2657 1848 2696 infi-

29 2723 34 2737 '³
81 2770 86 2773 Π
128 2719 271 2761 nitivus
295 2723 439 2761 θανεῖν
462 2722 548 2762 sine
573 2722 737 2762 articulo
762 2722 916 2774 positus
941 2722 1071 2771 Fabri,
1097 2723 1347 2771 SchneiderL'
1363 2723 1529 2763 aliorum
1541 2723 1658 2764 bilem
1683 2724 1734 2763 ita
1759 2715 1848 2763 mo-

129 2786 195 2837 vit,
218 2793 263 2828 ut
286 2801 331 2829 ex
354 2789 430 2829 hac
462 2802 541 2829 una
561 2787 711 2829 'caussa
748 2789 1052 2842 abjudicandum
1070 2796 1296 2830 *censerent
1329 2803 1488 2830 carmen
1513 2791 1562 2829 ab
1587 2792 1848 2830 Anacreonte.

129 2855 364 2908 Quanquam
389 2857 603 2917 infinitivos
628 2856 863 2896 substantivi
886 2857 976 2897 loco
1001 2857 1118 2898 etiam
1143 2857 1229 2897 sine
1253 2858 1417 2898 articulo
1443 2858 1538 2910 poni
1564 2858 1850 2897 demonstravit

93 2934 95 2937 ·
127 2921 336 2963 Jacobsius
361 2924 411 2964 ad
435 2924 552 2964 Anth.
578 2924 621 2963 P.
648 2924 695 2963 T.
720 2924 788 2964 111.
821 2920 919 2972 680,
954 2930 1086 2965 tamen
1120 2926 1197 2965 hoc
1230 2926 1319 2965 loco
1355 2925 1568 2964 infinitivus
1605 2920 1686 2963 non
1720 2924 1848 2964 solum
