1910 3268
859 150 983 219 '78

94 277 211 326 verba
235 276 428 329 βασιλεὺς
459 275 568 323 ὅπως
593 275 751 326 ἀείδεις,
784 290 827 316 ca
865 278 1013 329 optime
1039 291 1059 318 a
1087 278 1253 318 Goethio
1278 292 1388 320 versa
1414 281 1680 334 explicataque
1705 287 1827 331 sunt:-

97 345 292 398 „sinqend
315 348 387 385 wie
411 348 474 385 ein
498 341 626 397 Ko'm'y
653 344 815 385 lebesc.“
842 345 944 384 Tum
967 345 1015 384 ad
1041 357 1215 384 amorem
1241 351 1357 398 atquo
1380 348 1588 396 honorem,
1614 361 1692 400 quo
1718 349 1823 400 apud

92 414 274 453 homines
287 413 448 461 fruatur,
475 411 615 451 transit
633 416 772 464 poeta3
794 412 876 464 jam
887 411 1051 451 deorum
1064 412 1185 463 gratia
1195 425 1279 452 eam
1297 414 1491 463 cumulat3
1517 414 1821 466 postremo'loco

91 481 216 534 ponit,
251 480 356 532 quod
390 483 632 519 senectutem
658 490 741 518 non
765 478 873 519 novit
896 479 1041 528 cicada,
1069 480 1175 531 quod
1201 481 1339 520 Graeci
1374 493 1532 534 semper
1554 494 1628 534 pro
1663 494 1820 522 summo

90 546 283 587 felicitatis
310 545 463 597 fastigio
499 544 711 585 habebant.
755 546 842 586 Jam
867 558 913 585 ex
944 546 1218 598 antiquissimo
1250 552 1429 600 tempore
1455 548 1593 588 Graeci
1621 554 1762 601 poetae
1781 549 1821 589 in

89 613 362 666 praedicandis
384 613 528 652 cicad1s
553 612 832 662 versabantur3
857 612 931 652 tria
942 611 1108 653 maxime
1129 614 1176 654 de
1196 614 1242 653 iis
1256 621 1628 665 commemorantur,
1649 615 1821 668 primum

89 682 196 733 quod
222 681 263 720 in
298 679 464 720 summis
496 679 705 720 arboribus
737 680 875 719 sedent
905 680 953 719 cf.
975 680 1091 719 Hom.
1122 681 1164 730 ΙΙ,
1191 694 1227 732 γ,
1250 678 1351 721 151:
1383 681 1624 734 τεττίγεσσιν
1649 679 1821 729 ἐοικότες
1887 711 1901 718 .,

90 746 170 788 οἵτε
215 745 321 787 καθ’
367 745 470 799 ὕλην
513 745 686 801 δενδρέῳ
725 743 983 800 ἐφεζόμενοι,
1034 747 1125 788 Hes.
1172 748 1236 788 Sc.
1273 748 1387 789 Herc.
1427 746 1523 789 394.
1565 749 1744 801 Meleagr.
1775 750 1822 790 A.

89 816 133 855 Ρ.
159 816 238 855 VII.
273 828 313 867 p.
335 812 432 855 362.
469 827 508 854 n.
535 811 629 863 196,
655 812 703 855 3:
748 811 857 868 ἄκρα
888 813 926 854 δ’
963 811 1201 867 ἐφεζόμενος
1231 812 1439 866 πετάλοις,
1470 816 1555 857 Nic.
1581 817 1707 857 A.·P.
1738 819 1764 857 l.
1794 817 1821 858 l.

88 896 128 923 n.
153 879 250 932 200,
277 880 338 922 4.;
370 881 432 921 ἐπὶ
453 883 624 934 χλωρῶν
660 877 850 932 ἑζόμενον
884 878 1081 931 πετάλων,
1118 883 1284 935 Pamph.
1320 896 1359 923 n.
1386 880 1481 932 201,
1509 881 1569 924 1-3
1600 886 1822 937 χλωροῖσιν

88 946 326 1004 ἐφεζόμενος
359 946 612 998 πετάλοισιν,
659 948 818 989 Pisand.
861 949 908 988 de
940 949 1058 989 anim.
1086 963 1223 1003 proprt
1257 964 1297 1003 p.
1326 948 1408 992 237
1439 951 1498 990 ed.
1531 951 1595 992 St:
1639 950 1821 1005 δένδροις

88 1014 344 1070 ἐφιζόμενονς
390 1022 474 1057 tum
509 1016 615 1068 quod
651 1015 752 1056 clara
787 1029 885 1056 voce
920 1022 1065 1057 canunt
1097 1023 1134 1057 et
1161 1031 1278 1058 mane
1316 1023 1355 1058 et
1388 1018 1428 1057 in
1462 1019 1599 1058 medio·
1628 1024 1741 1060 aestu
1766 1019 1814 1059 cf.

86 1085 203 1126 Hom.
236 1085 279 1125 ll.
307 1098 345 1138 γ,
381 1081 485 1125 152:
535 1080 616 1123 ὄπα
651 1079 901 1137 λειριόεσσαν
934 1082 1057 1134 ἶεΐσιν,
1091 1085 1178 1125 Mel.
1204 1086 1250 1126 A.
1283 1085 1327 1125 Ρ.
1358 1085 1438 1126 VII.
1470 1099 1510 1138 p.
1537 1082 1634 1127 362.
1660 1098 1700 1126 n.
1721 1083 1817 1127 196.

86 1148 324 1205 ἀγρονόμαν
357 1150 520 1202 μέλπεις
555 1152 735 1202 μοῦσαν,
773 1151 817 1191 Α.
850 1152 894 1191 Ρ.
927 1151 952 1191 l.
988 1150 1013 1192 l.
1045 1164 1085 1192 n.
1120 1150 1223 1193 197:
1280 1150 1647 1206 λιγυρὰν-μοῦσαν
1679 1149 1817 1205 ἔνειήν,

86 1233 125 1260 n.
157 1217 264 1262 201:
300 1215 441 1258 ἁδεῖαν
469 1216 633 1270 μέλπων
664 1216 888 1271 ἐκπροχεέις
923 1215 1063 1271 ἰαχάν,
1099 1220 1352 1272 proverbium
1378 1219 1566 1274 τεττίγων
1589 1219 1820 1274 λαλίστερος

89 1288 219 1328 TzetZ.
246 1286 342 1326 Chil.
357 1286 453 1334 VIII,
477 1282 533 1325 66
548 1298 635 1338 squ.
661 1285 725 1334 IX,
751 1282 835 1326 998
847 1299 947 1338 squ.‚
973 1292 1176 1339 postremo
1203 1288 1309 1339 quod
1333 1288 1439 1328 nulla
1464 1288 1537 1328 alia
1560 1301 1604 1328 re
1628 1288 1704 1328 nisi
1726 1301 1818 1329 rore

87 1355 314 1395 nutriuntur
338 1354 386 1393 cf.
412 1353 504 1393 Hes.
531 1353 593 1392 Sc.
619 1352 735 1391 Herc.
760 1349 856 1401 394,
882 1353 968 1394 Mel.
995 1354 1039 1393 A.
1066 1355 1110 1394 Ρ.
1135 1354 1213 1404 vll,
1240 1367 1279 1393 n.
1300 1351 1451 1395 196.1:
1480 1355 1694 1409 δροσεραΐς
1716 1369 1817 1396 στα-

85 1418 246 1475 γόνεσσι
270 1419 511 1472 μεθυσθείς.
544 1420 589 1459 Α.
614 1420 659 1459 Ρ.
684 1419 749 1459 ΙΧ.
775 1432 814 1472 p.
842 1417 936 1460 130.
961 1433 1000 1461 n.
1027 1418 1123 1470 373,
1148 1419 1192 1462 2:
1226 1421 1431 1475 δροσερῶν
1455 1420 1576 1462 ἕλκετ’
1603 1421 1670 1462 ἀπ’
1697 1421 1816 1475 ἀκρε-

84 1486 237 1542 μόνων.
263 1502 298 1529 ν.
322 1485 373 1528 8:
399 1485 565 1542 φύλλιον
585 1486 652 1526 καὶ
668 1487 838 1540 χλοερῆς
861 1486 921 1535 τίς
946 1485 1105 1541 φθόνος
1129 1488 1212 1528 ἐστὶ
1234 1485 1405 1543 δρόσου,
1431 1490 1495 1529 ΙΧ.
1519 1503 1560 1542 p.
1582 1488 1650 1531 32.
1673 1504 1712 1530 n.
1737 1487 1821 1531 92:—

88 1556 207 1611 ἆρκεΐ
225 1554 406 1608 τέττιγας
439 1550 622 1606 μεθύσαι
656 1550 820 1606 δρόσος.
870 1556 999 1603 Quare
1036 1568 1125 1595 cum
1145 1557 1229 1608 jam
1264 1557 1312 1597 ab
1338 1556 1612 1609 antiquissimo
1639 1563 1816 1610 tempore

87 1638 168 1665 non
194 1625 324 1665 solum
349 1622 506 1663 cicadae
539 1621 624 1661 laus
659 1621 729 1660 sed
755 1628 883 1661 certae
917 1623 1108 1674 quaedam
1133 1623 1289 1663 dicendi
1322 1624 1513 1664 formulae
1542 1625 1583 1664 in
1606 1630 1814 1677 poetarum

87 1705 155 1732 ore
181 1695 333 1740 essent,
370 1689 545 1738 difficile,
566 1682 675 1741 *quid
706 1689 786 1741 jam
814 1683 967 1740 priore,
1005 1691 1098 1742 quid
1133 1691 1354 1742 posteriore
1383 1697 1562 1743 tempore
1595 1696 1725 1731 ortum
1748 1691 1812 1740 sit,

86 1757 373 1812 dijudicaveris.
421 1758 638 1796 Decantare
675 1756 831 1807 quidem
869 1756 1044 1797 cicadam
1079 1757 1241 1797 minime
1274 1758 1471 1798 absonum
1508 1763 1591 1798 erat
1625 1757 1673 1798 ab
1705 1758 1812 1799 Ana-

86 1831 258 1874 creonte,
282 1823 513 1877 praesertim
541 1835 631 1862 cum
644 1823 709 1862 diu
731 1823 835 1874 apud
847 1823 1104 1864 Athenienses
1126 1830 1359 1873 moraretur,
1381 1825 1447 1877 qui
1461 1824 1593 1869 cicada
1615 1825 1727 1878 quasi
1750 1825 1813 1865 in-

85 1894 314 1945 digenarum
340 1892 452 1942 signo
477 1890 702 1930 utebantur.
749 1890 886 1942 Neque
919 1891 1025 1942 quod
1059 1891 1329 1931 Mehlhornius
1361 1904 1400 1943 p.
1426 1889 1480 1931 35
1506 1891 1664 1944 objecit,
1700 1891 1814 1932 altius

86 1972 290 2011 assurgere
315 1959 516 2011 spiritum,
553 1969 671 2010 quam
707 1970 779 2009 pro
812 1957 979 1997 aliorum
1003 1958 1367 1998 Anacreonteorum
1399 1958 1669 2010 simplicitate,
1706 1963 1745 1998 et
1764 1959 1813 1998 ad

85 2028 219 2081 hymni
244 2025 539 2066 similitudinem
571 2019 801 2073 accedere‚'
818 2024 1079 2077 comprobare
1109 2016 1296 2077 possum3
1321 2038 1403 2066 non
1429 2026 1532 2064 enim
1558 2038 1647 2066 cum
1675 2026 1814 2066 ceteris
1872 2046 1874 2048 ·

84 2093 378 2141 AnacreonteiS,
405 2092 475 2132 sed
501 2103 591 2131 cum
616 2091 796 2142 genuinis
822 2092 1052 2142 fragmentis
1079 2093 1390 2144 comparandum
1415 2091 1488 2131 erit
1508 2105 1679 2142 carmen,
1715 2104 1816 2145 quae

85 2162 253 2202 maxime
276 2159 411 2212 hymni
436 2158 624 2198 altissime
654 2158 803 2197 elatum
833 2158 986 2210 spirant
1014 2159 1229 2210 ingenium.
1281 2160 1496 2199 Dialectum
1522 2159 1694 2200 ionicam
1718 2158 1809 2199 uhi-

83 2241 160 2282 que
194 2227 440 2267 observatam
471 2225 657 2274 invenies,
689 2237 816 2276 neque
840 2226 1053 2278 syntactioa
1084 2226 1182 2266 ratio
1216 2232 1396 2266 contorta
1429 2232 1496 2266 aut
1530 2226 1699 2266 obscura
1731 2232 1813 2276 θεῖς

84 2301 188 2338 recte
209 2295 306 2349 illud
337 2291 417 2333 ἀπὸ
451 2289 628 2345 μηδενός
661 2307 699 2331 τι
731 2290 929 2341 βλάπτων
956 2292 1159 2344 explicavit
1190 2293 1459 2333 Mehlhornius
1493 2293 1629 2334 eadem
1660 2293 1813 2334 ratione

84 2369 199 2416 atque
231 2361 314 2402 XVI
340 2357 448 2413 (κς’),
474 2358 522 2399 7;
556 2356 620 2399 ἀπ’
660 2354 860 2408 ὀμμάτων
888 2373 938 2410 με
967 2356 1144 2410 βάλλιιιν.
1186 2359 1377 2400 Pisander
1409 2361 1517 2400 hunc
1549 2372 1706 2401 versum
1746 2372 1811 2400 re—

84 2430 259 2482 spexisse
285 2429 434 2468 videtur
456 2428 504 2468 cs.
533 2426 580 2465 de
605 2439 667 2466 an.
691 2425 768 2465 div.
797 2426 868 2465 cic.
893 2439 928 2465 v.
955 2423 1029 2466 17:
1054 2422 1305 2477 βλάπτοντες
1328 2425 1469 2479 ἔρνους
1499 2425 1617 2467 οὐδὲν
1639 2425 1665 2480 ἢ
1689 2424 1808 2480 πόης.

84 2493 229 2550 φυτόν.
279 2494 552 2547 Compositum
587 2493 681 2532 illud
707 2488 988 2546 άναιμόσάρκε
1014 2506 1104 2533 cum
1128 2493 1375 2534 Mehlhornio
1411 2494 1658 2544 servaverim,
1681 2506 1809 2547 quan·-

82 2575 199 2616 quam
224 2563 418 2614 disjuncto
443 2560 562 2600 verbo
589 2557 725 2610 ἄναιμ’
749 2557 901 2612 ἄσαρκε
923 2560 1070 2616 optime
1090 2561 1293 2612 quadrant,
1329 2573 1456 2613 neque
1481 2561 1588 2613 quod
1611 2561 1811 2601 Mehlhor-

82 2630 172 2670 nius
199 2628 431 2668 contradixit
451 2628 605 2667 cicadas
631 2623 841 2679 ἀσάρκους
860 2627 1057 2667 veteribus
1083 2640 1164 2666 non
1189 2627 1277 2676 dici,
1303 2640 1439 2667 verum
1464 2633 1525 2667 est
1549 2628 1598 2667 cf.
1624 2627 1808 2680 Apollon.

82 2698 126 2738 A.
152 2698 196 2737 P.
219 2697 283 2736 IX.
309 2709 349 2747 p.
374 2692 431 2734 90
450 2692 607 2736 n.234:
630 2691 809 2748 ἀσάρκου
835 2692 925 2734 νῶτ’
950 2690 1280 2734 ἐδουνακεῦσατο.
1310 2694 1350 2734 Si
1374 2699 1544 2734 metrum
1568 2700 1808 2746 spectamus,

83 2765 161 2805 duo
187 2775 322 2803 versus
357 2774 444 2801 sese
465 2762 701 2813 excipientes
724 2761 908 2802 liberiore
931 2762 1082 2813 primae
1107 2774 1241 2801 arseos
1276 2762 1473 2801 solutione
1506 2766 1690 2809 utuntur3
1714 2760 1812 2801 alter

83 2831 187 2871 enim
213 2831 269 2870 sic
293 2828 452 2880 incipit:
473 2851 528 2856 —
551 2824 624 2877 ύυ,
653 2829 748 2868 alter
767 2825 902 2868 υυύυ.
937 2828 1075 2867 Utrum
1096 2829 1174 2867 hoc
1197 2827 1435 2867 Anacreonti
1464 2826 1540 2879 ipsi
1565 2826 1685 2867 tribui
1708 2839 1806 2879 pos—

82 2899 133 2939 sit
161 2910 316 2945 annon,
351 2908 433 2935 non
458 2895 720 2947 dijudicarim,
747 2907 970 2947 quanquam
1002 2894 1382 2946 praestantissimum
1408 2906 1566 2934 carmen
1601 2907 1682 2935 non
1718 2895 1807 2935 ideo

81 2965 259 3018 spurium
280 2964 441 3003 videtur.
