1910 3268
940 193 995 234 24

109 328 204 354 usus
226 323 285 356 cst
307 318 351 356 l'r.
375 317 488 365 xcii,
511 318 617 369 quod
639 324 676 356 ct
695 318 827 369 ipsum
847 319 1170 359 Anacreonti
1186 332 1260 358 ιιιιι
1293 319 1440 359 dictum
1462 333 1549 359 esse
1571 326 1735 360 testatur
1754 321 1832 360 lle—

105 383 258 434 phaest.
272 384 295 423 l.
309 384 352 424 l.:
380 382 655 435 καταληκτικὰ
671 382 715 423 δὲ
730 383 899 438 δίμετρα
918 384 992 437 μὲν
1014 381 1070 434 ὥς
1091 383 1138 425 τὸ
1158 381 1730 440 καλούμενονἈιάκρεόντειον
1750 382 1834 427 οἷον

649 447 670 490 ὃ
691 450 767 502 μὲν
787 451 924 493 θέλων
943 449 1154 505 μάχεσθαι
1460 452 1468 458 ”

650 515 817 572 πάρεστι
838 518 913 573 γὰρ
933 520 1136 573 μαχέσθω

109 586 156 624 cs.
192 586 340 624 Plotius
379 600 417 638 p.
450 583 575 627 2642.
637 587 731 627 Mar.
765 588 897 628 Victor
926 589 987 637 IV,
1019 602 1060 640 p.
1087 585 1213 628 2591.
1276 589 1380 628 Attil.
1403 589 1608 629 Fortunat.
1641 603 1680 643 p.
1707 586 1833 630 2678.

107 653 297 702 Boi-glans
322 667 362 704 p.
389 650 445 692 54
470 654 543 693 hos
570 653 680 706 ipsos
705 655 995 707 lieptasyllabos
1015 655 1275 695 Anacreontis
1302 670 1388 696 esse
1415 663 1548 708 negat,
1586 657 1693 709 quod
1718 670 1835 698 nemo

105 725 277 758 veterum
308 720 519 772 lyricorum
546 727 753 773 poctarum
780 723 1017 763 continuatis
1053 722 1227 763 dimetris
1254 724 1488 764 catalecticis
1514 738 1611 764 usus
1635 725 1687 765 sit
1710 737 1838 777 neque

106 787 281 826 Herodes
312 787 638 841 iambographus,
678 790 789 842 cujus
816 796 969 830 exstant
1003 788 1203 842 ἡμιάμβοι
1225 791 1345 830 Schol
1365 791 1450 831 Nic.
1477 792 1525 831 ad
1552 793 1670 833 Ther.
1693 806 1727 833 ν.
1753 789 1838 832 377

106 855 455 895 Alexandrinorum
488 862 654 896 aetatem
691 870 879 910 superare
913 859 1105 908 videatur3
1155 858 1250 910 quin
1280 859 1319 898 id
1351 871 1509 911 quoque
1537 860 1646 900 addit
1673 872 1724 899 ne
1756 860 1836 900 He-

105 923 379 974 phaestiouem
405 924 563 975 quidem
588 924 639 964 ita.
670 925 799 978 loqui,
829 939 875 966 ac
906 926 938 965 si
973 932 1153 978 putasset
1180 939 1270 965 vere
1305 926 1561 966 Anacreontis
1596 939 1697 968 esse.
1766 926 1836 967 His

108 990 259 1030 caussis
286 996 417 1030 motus
443 998 611 1031 metrum
637 992 728 1032 inde
752 1005 899 1033 nomen
921 993 1084 1033 traxisse
1106 993 1267 1045 conjicit
1291 994 1398 1045 quod
1421 993 1670 1034 Alexandrini
1694 999 1836 1046 poetae

109 1058 295 1105 carmina,
322 1071 492 1109 quorum
517 1066 792 1109 argumentum
810 1060 1141 1100 Anacreonticum
1167 1059 1229 1108 sit,
1255 1060 1333 1099 hoc
1358 1066 1483 1100 metro
1511 1061 1834 1114 conscripserint.

106 1126 193 1164 Jam
219 1125 316 1172 vide,
343 1125 436 1177 quid
462 1126 586 1166 valeat
608 1127 707 1166 haec
732 1133 812 1167 tota
843 1127 1104 1168 ratiocinatio.
1156 1127 1211 1167 Cf.
1240 1127 1418 1167 Welcker
1443 1127 1558 1168 Cens.
1584 1128 1686 1168 Mus.
1711 1128 1836 1168 Rhen.

107 1193 171 1241 ΙΙΙ,
198 1190 238 1233 2.
264 1205 303 1244 p.
330 1189 426 1232 273.
484 1193 587 1242 Quid
611 1195 715 1234 enim
740 1194 925 1247 impedit,
951 1195 984 1235 si
1012 1195 1129 1235 ceteri
1152 1195 1261 1247 lyrici
1287 1207 1368 1234 non
1392 1194 1455 1234 usi
1479 1200 1574 1234 sunt
1595 1195 1673 1235 hoc
1696 1200 1836 1244 metro,

107 1260 319 1312 quominus
339 1260 560 1310 Anacreon,
587 1262 654 1314 qui
673 1262 825 1315 primus
847 1262 959 1315 plura
981 1262 1351 1311 metrajntroduxit,
1372 1263 1455 1315 ejus
1477 1274 1637 1315 quoque
1656 1263 1840 1303 inventor

108 1341 194 1367 esse
218 1332 399 1380 putetur,
434 1329 667 1380 pracsertim
704 1343 794 1369 cum
819 1330 962 1370 levitati
997 1335 1113 1382 atque
1147 1330 1299 1382 lepidae
1323 1329 1544 1380 argumenti
1579 1330 1836 1373 concinnitati

107 1395 255 1447 optime
279 1395 548 1446 respondeat?
610 1397 769 1437 Nullum
794 1398 910 1450 plane
944 1398 1149 1449 vestigium
1184 1402 1328 1446 exstat,
1366 1410 1443 1448 quo
1469 1396 1645 1437 Herodes
1679 1397 1835 1437 iambo-

68 1489 70 1491 ·
107 1462 279 1515 graphus
304 1467 473 1502 metrum
498 1462 695 1504 invenisse
730 1465 903 1514 dicatur,
939 1477 1018 1517 quo
1054 1469 1233 1517 tempore
1265 1463 1400 1503 vixerit
1433 1464 1496 1503 ille
1526 1464 1586 1504 vix
1610 1464 1837 1517 conjectura

107 1530 300 1569 autumari
311 1535 465 1581 potest,
486 1531 569 1583 jam
594 1531 687 1584 quid
705 1532 795 1571 inde
813 1532 991 1585 sequitur
1012 1531 1059 1571 de
1082 1531 1342 1580 Anacreonte,
1363 1544 1479 1584 quem
1499 1544 1638 1571 omnes
1656 1531 1838 1572 invento—

106 1609 189 1636 rem
209 1610 296 1637 esse
315 1598 599 1639 consentiunt?
644 1600 855 1648 Quomodo
882 1605 1012 1639 autem
1039 1612 1088 1638 ne
1106 1598 1344 1651 Hephaestio
1370 1598 1527 1651 quidem
1550 1598 1836 1638 Anacreontem

106 1677 179 1716 pro
205 1665 319 1705 metri
344 1671 505 1706 auctore
524 1666 718 1716 habuerit,
746 1680 836 1707 cum
858 1667 962 1707 dicat
980 1662 1034 1712 ὡς
1050 1663 1094 1705 τὸ
1122 1662 1370 1716 καλούμενον
1386 1661 1711 1718 Ἀνακρεόντειον
1737 1660 1837 1712 οἷον,

107 1746 188 1773 non
225 1732 365 1772 video?
422 1733 524 1773 Nihil
561 1734 665 1774 enirn
700 1734 804 1774 aliud
840 1734 919 1774 vult
953 1734 1029 1773 nisi
1065 1734 1322 1773 dimetrorum
1359 1733 1677 1779 catalecticorum
1713 1745 1837 1784 genus

107 1813 194 1841 6556
220 1802 325 1853 quod
343 1801 649 1841 Anacreontium
675 1802 818 1842 dicitur
841 1807 1024 1842 metrum.
1084 1802 1183 1841 Prae
1205 1801 1343 1840 ceteris
1369 1801 1488 1852 igitur
1510 1800 1647 1840 metris
1673 1795 1838 1840 dimetra

106 1868 167 1908 illa
193 1868 497 1921 Hephaestionis
523 1874 702 1921 tempore
726 1869 988 1909 Anacreontia
1014 1868 1258 1908 dicebantur.
1321 1868 1396 1907 Sed
1422 1868 1624 1920 quomodo
1650 1867 1728 1907 hoc
1752 1868 1838 1907 fieri

105 1941 272 1987 poterat,
299 1936 333 1975 si
358 1935 527 1975 seriores
552 1936 605 1975 illi
631 1942 772 1988 poetae
797 1936 1067 1983 Alexandrini,
1104 1949 1125 1975 a
1150 1935 1294 1989 quibus
1330 1947 1412 1974 non
1445 1935 1562 1986 longe
1598 1934 1733 1975 aberat
1755 1934 1836 1975 He-

105 2002 298 2054 phaestio,
334 2002 450 2054 primi
485 2003 562 2042 hoc
597 2010 723 2044 metro
757 2004 818 2043 usi
853 2002 1017 2043 essent?
1078 2003 1220 2042 Nonne
1254 2001 1301 2041 ab
1337 2001 1566 2042 auctoribus
1592 2002 1689 2055 ipsis
1714 2007 1838 2042 metra

106 2082 252 2109 nomen
289 2076 548 2121 acceperunt,
585 2084 629 2110 ex
665 2071 885 2123 argumenti
920 2070 1173 2110 similitudine
1210 2069 1445 2122 nunquam?
1505 2069 1608 2118 Quid
1633 2074 1764 2109 autem
1789 2069 1838 2108 de

104 2136 405 2176 Alexandrinis?
440 2137 622 2189 quisnam
646 2138 932 2182 Anacreontica
957 2138 1131 2177 carmina
1164 2150 1232 2176 eos
1269 2137 1545 2189 composuisse
1579 2142 1718 2177 auctor
1751 2135 1838 2177 est?

104 2204 266 2244 Accedit
289 2204 396 2257 quod
422 2204 585 2244 dimetra
611 2205 822 2246 acatalecta
848 2211 886 2245 et
919 2205 968 2245 ab
993 2204 1285 2257 Hephaestione
1310 2203 1591 2244 adscribuntur
1601 2204 1839 2245 Anacreonti

105 2284 232 2323 neque
267 2285 287 2311 a
323 2271 489 2322 Bergkio
526 2272 659 2323 negari
691 2278 874 2325 possunt.
936 2272 1133 2320 Quidnam
1166 2271 1348 2312 immensi
1382 2270 1619 2311 discriminis
1651 2271 1754 2310 inter
1777 2270 1838 2310 di-

105 2344 228 2378 metra
254 2339 464 2378 acatalecta
491 2344 529 2379 et
553 2340 778 2380 catalectica
804 2340 1021 2389 intercedit,
1047 2345 1091 2379 ut
1115 2340 1162 2378 de
1187 2339 1262 2378 illis
1290 2351 1372 2379 non
1397 2338 1608 2387 dubitetur,
1629 2338 1722 2390 quin
1738 2350 1836 2377 con-

105 2406 265 2445 tinuatis
291 2419 387 2445 usus
414 2406 465 2445 sit
487 2406 717 2456 Anacreon,
753 2408 851 2447 haec
875 2407 991 2459 plane
1015 2405 1273 2460 rejiciantur?
1331 2405 1387 2445 Re
1411 2405 1495 2458 jam
1531 2404 1741 2457 dijudicata
1776 2404 1838 2444 vix

105 2485 206 2524 opus
233 2473 306 2512 erit
329 2485 533 2513 accersere
566 2474 819 2514 scholiastam
844 2474 972 2526 Heph.
1001 2474 1060 2514 ed.
1090 2474 1134 2514 G.
1162 2487 1202 2525 p.
1231 2469 1334 2522 172,
1371 2472 1438 2525 qui
1472 2484 1545 2524 pro
1585 2471 1704 2512 nobis
1739 2484 1836 2524 pro-

103 2546 272 2591 pugnat:
308 2537 354 2580 τὸ
378 2538 454 2591 μὲν
479 2538 785 2594 ἀνακρεόντειον
810 2539 846 2581 οἳ
882 2539 1043 2593 ἀρχαῖοι
1068 2538 1112 2580 τὸ
1138 2539 1327 2593 δι’μετρον
1354 2535 1546 2591 ἷαμβικόν
1570 2554 1672 2592 φασι
1695 2536 1743 2578 τὸ
1770 2538 1838 2578 καὶ

103 2603 387 2658 ιὶκατάληκτον
411 2631 468 2637 -
492 2606 529 2648 οἶ
564 2607 607 2647 δὲ
642 2605 826 2662 νεώτεροι
861 2614 935 2649 etc.
1000 2606 1109 2655 Τοὺς
1143 2606 1339 2661 ἀρχαίους
1375 2607 1469 2647 dicit
1503 2607 1723 2647 Scholiasta
1757 2606 1836 2646 He-

101 2674 373 2725 phaestionem
400 2676 543 2728 ipsum,
570 2676 610 2716 in
636 2677 863 2716 universum
890 2689 1048 2726 omnes,
1082 2676 1150 2728 qui
1169 2675 1522 2716 Alexandrinorum
1556 2673 1834 2726 grammatico—

101 2754 189 2780 ruin
215 2742 330 2781 aetati
366 2742 615 2782 adscribendi
650 2750 755 2783 sunt.
815 2744 872 2783 Ex
901 2744 1094 2795 particula
1125 2741 1196 2782 καί
1223 2749 1354 2783 autem
1387 2747 1551 2794 apparet
1580 2740 1834 2781 scholiastam

101 2820 179 2846 non
207 2808 339 2848 solum
361 2808 569 2849 dimetrum
596 2810 809 2850 iambicum
836 2810 1104 2850 catalecticum
1126 2811 1195 2850 sed
1218 2810 1334 2850 etiam
1355 2824 1375 2850 a
1389 2809 1709 2849 catalectum
1729 2807 1836 2848 Ana—

101 2875 265 2914 creontii
292 2877 451 2916 nominc
473 2877 665 2916 contineri
687 2877 908 2929 significare
933 2877 1018 2916 sine
1043 2877 1163 2917 dubio
1184 2876 1487 2929 Hephaestionis
1512 2875 1622 2923 loco,
1653 2874 1726 2915 uhi
1749 2880 1838 2914 tan-

100 2950 184 2984 tum
207 2943 419 2983 catalectici
441 2943 595 2983 dimetri
620 2944 767 2983 mentio
788 2945 843 2992 fit,
870 2951 1066 2996 respecto.
1128 2946 1257 2992 Quare
1284 2943 1476 2983 omissum
1506 2941 1609 2981 inter
1627 2937 1674 2980 τό
1709 2946 1748 2981 et
1767 2955 1819 2980 κα

101 3009 412 3049 extistimaverim
446 3008 700 3061 κατάληκτυν
726 3025 745 3051 a
771 3011 959 3059 librariis,
997 3025 1219 3063 quanquam
1255 3013 1421 3050 sortasse
1461 3015 1498 3048 et
1536 3008 1707 3060 scriptor
1746 3008 1832 3060 ipse
