1910 3268
951 176 953 178 ·
964 163 1021 206 68

65 310 69 313 ·
133 267 237 330 sfflit.
287 289 551 329 Nihilominus
577 301 675 329 cum.
692 289 785 341 quid
804 290 924 342 pretii
961 290 1213 331 tribuendum
1238 291 1289 331 sit
1325 291 1460 331 odario
1499 277 1757 343 spectandum
1792 290 1887 340 sit,-

132 356 353 396 accu‘ratius
378 362 417 396 et
440 362 714 408 argumentum
739 362 777 396 et
801 356 956 396 dicendi
990 357 1182 398 rationem
1217 359 1539 410 pervestigemus.
1570 358 1733 410 ‘Artifex
1754 358 1856 399 veris

131 424 319 476 poculum
355 423 505 464 caelare
534 423 719 476 jubetur3
756 424 840 476 jam
881 437 948 463 ver
980 424 1127 477 quippe
1166 425 1278 482 quod⁴
1305 438 1418 465 rosas
1454 426 1591 465 afferat
1624 425 1856 466 celebratur.

130 491 244 531 Redit
267 496 383 543 poeta
409 491 457 531 ad
480 491 669 543 poculum
695 490 915 543 iterumque
953 492 1142 543 poculum
1167 491 1307 532 caelari
1331 491 1464 545 jubet,
1516 492 1738 532 accuratius
1763 491 1858 546 quid

131 558 271 599 caelari
295 558 385 597 velit
409 558 701 609 descripturus,
726 558 907 609 repudiat
938 558 1042 597 enim
1068 558 1256 610 quidquid
1282 559 1450 599 alienum
1476 559 1528 599 s'it
1547 573 1568 599 a
1593 559 1796 611 potatione
1820 565 1859 600 et

130 626 281 666 fabulas
303 630 508 674 cruentas,
541 624 610 663 sed
634 625 852 674 Bacchum,
901 625 1112 674 Venerem,
1146 626 1333 674 Amores,
1370 625 1545 675 Gratiam
1575 627 1740 679 juvenes
1765 626 1856 679 pul-

134 705 245 742 cros,
283 692 504 745 Apollinem
529 692 602 731 sub
628 692 771 731 vitibus
803 692 981 732 ludentes
1008 693 1138 744 effingi
1170 693 1264 732 vult.
1312 692 1448 744 Inepte
1481 693 1598 745 plane
1630 697 1748 745 poeta
1784 706 1867 747 op·-

131 760 373 813 positionem
395 750 525 809 illam,
553 772 653 812 quae
690 773 771 799 non
808 760 855 800 ad
891 756 1088 799 κύπελλον
1122 761 1192 800 sed
1224 760 1271 800 ad
1297 757 1416 812 ἔαρος
1439 760 1631 812 pertinet,
1658 760 1716 800 »in
1744 761 1859 801 tertio

130 834 349 880 quartoque
376 839 490 866 versu
516 827 738 867 accusativo
766 840 860 868 casu
886 827 1035 876 extulit3
1062 827 1213 867 accedit
1236 828 1343 879 quod
1363 827 1574 867 verborum
1599 828 1745 881 positio
1769 828 1857 881 ipsa

129 882 311 946 perplexa
355 894 470 946 plane
516 899 631 946 atque
667 895 831 935 confusa
866 899 937 933 est.
995 894 1147 942 Quibus
1193 895 1343 935 caussis
1379 902 1512 935 motus
1545 895 1710 935 Fischer
1743 894 1858 942 aliam
1892 902 1897 907 ·

129 961 346 1014 explicandi
379 962 481 1001 viam
516 961 717 1012 ingressus
754 967 834 1010 est,
880 961 1052 1013 pendere
1087 961 1191 1001 enim
1226 955 1339 1014 putat
1371 962 1479 1007 illum
1515 962 1780 1002 accusativum
1815 974 1876 1009 cx,

127 1025 325 1081 τόρευσον
349 1046 405 1062 =
430 1027 599 1080 ποιήσον
633 1025 720 1067 κατ’
749 1025 849 1068 αὐτὸ
875 1025 921 1068 τὸ
957 1024 1153 1068 κύπελλον
1173 1026 1304 1081 ’Ώρην
1337 1029 1493 1081 „pergit
1527 1029 1630 1069 enim
1664 1034 1784 1081 poeta
1817 1029 1858 1068 in

129 1095 401 1142 emblematico
441 1108 560 1147 opere
599 1095 875 1147 designando„
910 1095 1005 1135 Inde
1048 1095 1208 1147 intelligi
1242 1099 1375 1151 potest
1416 1100 1575 1148 poetam
1610 1096 1780 1136 voluisse
1813 1101 1858 1136 ut
1907 1123 1910 1126 ι

130 1163 301 1206 caelator
335 1163 499 1213 illigaret
527 1163 567 1202 in
601 1163 747 1215 poculo
779 1163 935 1214 signum
962 1161 1066 1201 Veris
1103 1163 1295 1211 solidum,
1341 1175 1422 1202 non
1458 1162 1551 1202 item
1585 1163 1735 1216 reliqua
1770 1175 1854 1211 em—

127 1228 339 1270 blemata.“
380 1230 489 1269 Unde
515 1229 683 1269 solidum
720 1230 827 1269 Veris
863 1219 1019 1281 signum
1055 1231 1103 1270 ad
1139 1235 1288 1270 cratera
1314 1231 1471 1270 affixum
1513 1229 1657 1270 habeat
1688 1229 1855 1270 Fischer

128 1297 243 1349 plane
267 1310 348 1336 non
374 1297 560 1347 intelligo.
622 1298 748 1348 Atque
772 1297 812 1336 in
845 1297 1100 1349 sequentihus
1125 1285 1298 1349 primum
1325 1296 1416 1349 quid
1442 1310 1524 1336 non
1548 1297 1599 1336 sit
1625 1297 1856 1338 caelandum

127 1370 360 1413 enumerat,
398 1370 481 1403 tum
508 1365 666 1404 demum
691 1363 784 1416 quid
809 1364 859 1403 sit
892 1364 1119 1404 caelandum
1154 1365 1324 1416 prosert3
1369 1376 1499 1416 quare.
1524 1376 1574 1402 ne
1607 1364 1856 1416 ineptissimo

126 1431 284 1483 quidem
310 1436 426 1484 poeta
451 1431 612 1482 dignum
639 1436 718 1480 est,
746 1431 778 1470 si
792 1431 874 1483 jam
901 1429 993 1483 quid
1021 1432 1250 1472 caelandum
1275 1431 1337 1479 sit,
1358 1431 1502 1483 partim
1526 1430 1856 1485 pronunciaverit‚

126 1503 337 1550 praecepta
362 1498 637 1550 interponere,
664 1511 714 1537 ne
739 1498 836 1538 aliae
857 1511 920 1538 res
949 1499 1159 1538 caelentur.
1203 1498 1328 1538 Immo
1352 1497 1469 1551 poeta
1494 1498 1568 1537 iste
1592 1491 1862 1538 antecedentis

127 1565 312 1606 carminis
335 1566 497 1616 vestigia
532 1566 750 1606 arctissime
774 1578 958 1618 premens
983 1565 1155 1618 primum
1187 1566 1235 1605 de
1259 1566 1403 1618 poculo
1429 1565 1470 1604 in
1493 1564 1722 1613 universum
1744 1564 1858 1621 locu-

126 1637 189 1672 tus
216 1638 287 1681 est,
313 1638 396 1672 tum
423 1633 471 1672 ad
496 1646 541 1672 ea
566 1645 665 1684 quae
690 1645 772 1672 non
797 1633 981 1672 caelanda
1017 1638 1150 1673 essent
1181 1632 1347 1672 transiit.
1396 1631 1521 1671 Verba
1545 1631 1608 1671 illa
1633 1627 1760 1672 πότον
1782 1644 1857 1684 pro

125 1695 320 1750 πότηριον
345 1705 383 1739 et
407 1697 610 1752 ἱστόρημα
634 1699 794 1739 nonnisi
818 1699 947 1739 medio
982 1712 1076 1739 aevo
1107 1700 1148 1739 in
1174 1707 1292 1739 usum
1318 1704 1519 1739 venerunt.
1544 1698 1738 1751 Epithetis
1762 1698 1859 1739 deos

127 1767 338 1807 cumulavit
371 1772 490 1819 poeta
531 1767 616 1805 sine
652 1767 761 1806 omni
808 1767 987 1807 consilio.
1050 1767 1152 1815 Quid
1187 1766 1315 1819 pulcri
1352 1766 1518 1818 juvenes
1559 1765 1635 1805 sibi
1668 1765 1787 1806 velint
1817 1765 1859 1818 in

126 1835 291 1874 deorum
317 1834 503 1873 societate
527 1834 643 1886 plane
676 1846 758 1873 non
793 1839 968 1886 apparet.
1019 1834 1143 1887 Atque
1177 1834 1304 1874 facere
1338 1845 1419 1872 non
1453 1833 1584 1885 potuit
1606 1838 1736 1885 poeta,
1762 1831 1859 1884 quin

125 1901 333 1941 Phoebum
375 1905 725 1949 commemoraret,
785 1901 937 1941 etiamsi
981 1901 1021 1940 in
1063 1907 1234 1940 extremo
1279 1900 1391 1953 quasi
1430 1900 1584 1951 agmine
1628 1903 1857 1952 poneretur.
1896 1929 1899 1932 <

125 1968 308 2019 Longum
343 1973 403 2007 est
433 1967 605 2018 singulas
640 1967 807 2025 ineptias
843 1967 1064 2018 diligentius
1091 1980 1321 2008 enumerare
1360 1967 1401 2006 in
1427 1966 1621 2012 carmine,
1663 1965 1775 2018 ‘quod
1814 1970 1860 2005 ut

126 2035 289 2076 omnino
315 2034 389 2074 sub
416 2047 577 2074 examen
601 2039 783 2082 vocetur,
810 2035 971 2085 dignum
996 2047 1078 2074 non
1103 2039 1174 2075 est.

238 2136 377 2176 Prodit
400 2135 541 2175 iterum
575 2147 649 2187 par
682 2135 900 2175 carminum
935 2135 1091 2175 XXVIII
1118 2140 1156 2174 et
1179 2135 1302 2175 XXIX
1337 2133 1391 2187 (ιε’
1413 2139 1451 2174 et
1476 2130 1566 2185 ις’),
1603 2145 1704 2186 quae
1727 2144 1855 2186 quan-
1908 2156 1910 2158 -

125 2217 242 2256 quam
267 2204 308 2242 in
334 2202 590 2242 describenda
611 2202 780 2252 imagine
804 2207 1021 2250 versantur,
1053 2215 1171 2254 quam
1195 2202 1357 2254 pingere
1372 2201 1535 2253 jubetur
1555 2200 1702 2249 artifex,
1723 2203 1856 2239 tamen
1903 2246 1906 2247 ⁷

125 2270 343 2310 secundum
378 2269 573 2321 picturam
609 2269 736 2320 ipsam
763 2269 846 2321 jam
885 2269 1104 2309 confectam
1147 2274 1352 2321 expressa
1374 2268 1565 2307 videntur.
1619 2266 1857 2319 Priusquam
1907 2263 1910 2291 ἶ

125 2350 226 2390 quae
246 2337 348 2377 inter
372 2342 584 2388 utrumque
618 2335 834 2375 intercedat
866 2328 966 2378 ratio
1000 2336 1322 2383 consideremus,
1368 2334 1460 2386 quid
1493 2347 1538 2373 ex
1570 2332 1759 2386 pingendi
1785 2336 1855 2390 ra-

125 2405 253 2453 tione,
296 2416 396 2456 quae
427 2407 778 2451 commemoratur,
812 2394 962 2442 eluceat
986 2402 1034 2442 ad
1068 2402 1287 2453 carminum
1315 2400 1582 2459 antiquitatem
1607 2399 1854 2455 firmandam,
1898 2421 1910 2459 :3

123 2471 337 2511 videamus.
843 2465 846 2468 ⁴
1242 2461 1246 2464 ’
1599 2461 1601 2463 ’
1886 2462 1910 2506 ’Ϊί

237 2571 438 2610 Encausta
463 2570 624 2621 intelligi
660 2575 698 2610 et
728 2583 772 2610 ex
800 2582 916 2610 versu
940 2570 1106 2620 XXVIII,
1130 2567 1191 2610 ·8:
1227 2565 1306 2610 ὅδὲ
1328 2566 1453 2622 κηρὸς
1477 2565 1528 2608 ἂν
1553 2563 1723 2619 δύνηται
1747 2570 1787 2606 et
1810 2577 1856 2606 ex
1895 2611 1898 2615 ⁴

124 2651 237 2678 versu
250 2638 415 2686 XXVIII,
442 2634 518 2677 34:
545 2633 652 2688 τάχα
676 2635 771 2690 κηρὲ
797 2636 864 2677 καὶ
889 2633 1077 2689 λαλήσεις
1098 2643 1137 2677 et
1148 2650 1192 2677 cx
1202 2638 1334 2686 XXIX,
1360 2633 1434 2678 25:
1455 2633 1501 2675 τὸ
1512 2633 1556 2675 δὲ
1579 2635 1661 2688 miv
1685 2629 1706 2674 ὃ
1731 2629 1856 2686 κηρὸς
1891 2674 1893 2676 ,

126 2703 249 2751 αὐτὸς
283 2702 405 2756 ἐχέτω
440 2706 575 2743 λαλῶν
610 2707 741 2758 σιωπῇ
776 2705 1077 2756 satis-apparet.
1132 2693 1248 2756 Atqui
1279 2703 1378 2743 ceris
1410 2703 1580 2755 pingere
1606 2706 1646 2741 et
1678 2700 1854 2753 picturas
1886 2731 1889 2734 ,

123 2774 298 2820 inurere,
336 2771 487 2811 etiamsi
519 2771 645 2810 Plinio
672 2776 771 2811 teste
795 2773 878 2823 jam
904 2786 926 2811 a
950 2772 1168 2822 Polygnoto
1204 2775 1453 2810 exerceretur·
1471 2770 1569 2809 ha'ec
1594 2780 1677 2816 ars,
1720 2771 1854 2806 tamen

123 2845 215 2891 post
239 2839 370 2891 ipsum
397 2839 555 2877 demum
582 2839 820 2882 Graecarum
849 2838 991 2878 artium
1023 2839 1163 2877 florem
1191 2831 1534 2891 apudssThebanos
1559 2832 1847 2886 Sicyoniosque

124 2906 293 2946 artifices
319 2905 359 2944 in
385 2917 501 2944 usum
526 2904 630 2944 venit
654 2905 702 2943 cf.
731 2904 891 2959 Mueller
914 2904 1031 2943 Arch.
1058 2917 1096 2955 p.
1125 2900 1222 2943 135;
1243 2900 1351 2951 ‘4333
1386 2902 1549 2957 Pausias
1574 2900 1726 2953 primus
1749 2909 1851 2951 pue-

124 2974 202 3021 ris,
235 2971 490 3017 animalibus,
531 2971 695 3010 floribus
721 2971 928 3022 pingendis
953 2970 1152 3018 excelluit,
1197 2981 1324 3021 neque
1347 2968 1458 3021 prius
1484 2966 1733 3023 encausticae
1757 2962 1851 3005 artis
1880 3004 1885 3012 ,.
