1910 3268
911 126 968 170 58

100 265 188 292 mus
209 253 341 293 Musas
367 253 551 292 invocare
575 253 705 305 coepit
725 252 836 293 θέλω
860 255 995 300 καλῶς
1019 251 1185 302 ἀείδειν,
1210 260 1347 305 postea
1373 255 1411 293 in
1438 253 1601 306 stropha
1625 259 1762 306 quarta
1788 248 1827 294 et
1896 303 1900 308 η

100 320 235 377 quinta
254 332 354 372 quae
380 321 587 360 decantare
609 321 795 372 coeperit,
815 321 1076 373 proponitur,
1102 327 1184 360 tum
1207 320 1247 360 in
1271 321 1408 373 paucis
1433 321 1507 360 illis
1532 319 1661 361 verbis
1682 318 1823 360 εἴδου-
1860 355 1882 361 ,.

99 401 162 425 σιν
187 385 227 426 αἱ
251 385 443 438 μέριμναι
463 387 747 439 amplificandis
766 388 920 428 laborat
939 388 1111 428 secunda
1133 388 1316 440 stropha,
1340 388 1509 440 denique
1533 388 1658 437 tertia,
1683 392 1822 441 quarta

99 460 204 495 sexta
239 455 402 506 stropha
430 455 478 493 de
512 455 739 506 coronando
776 446 903 507 capite
934 456 1136 508 choroque
1168 455 1363 495 Bacchico
1385 456 1572 507 juvenum
1598 455 1821 495 saltantium

99 522 192 573 agit.
232 522 358 574 Atque
392 521 426 560 si
458 521 610 572 singula
639 522 756 562 verba
786 527 1011 574 spectamus
1046 515 1240 575 metrique
1269 522 1475 571 rationem,
1503 522 1665 562 serioris
1686 521 1823 562 aetatis

98 589 257 640 vestigia
282 601 364 628 non
388 588 554 638 alisunt3
579 590 657 628 huc
680 589 878 641 pertinent
903 582 1024 642 αὗραι
1048 587 1298 635 πολυανθίες
1322 603 1357 630 v.
1369 587 1408 637 3,
1430 590 1470 629 in
1496 590 1601 629 auris
1626 589 1730 629 enim
1755 589 1824 628 de-

99 655 317 696 scribendis
339 656 681 709 epithetorumque
702 657 951 697 multitudine
977 657 1210 706 exornandis
1233 658 1527 716 delectabantur
1544 656 1714 697 seriores
1725 643 1835 708 poe—⁵

98 730 159 764 tae
185 724 233 764 cs.
261 723 384 775 Orph.
410 724 544 777 hymn.
569 721 647 772 813
668 730 751 764 tum
777 732 815 771 et
833 722 974 775 βιότου
999 724 1179 778 γαλήηγν
1198 725 1245 764 de
1273 725 1345 764 vita
1373 725 1515 776 quieta,
1538 720 1695 764 ἁπλοῦν
1733 719 1825 762 νόον

100 791 148 830 de
167 784 299 831 a'nimo
322 785 571 832 exhilarando
598 792 757 832 nonnisi
779 805 868 832 sero
891 793 931 832 in
956 805 1072 832 usum
1098 780 1203 832 venit
1227 793 1274 832 cs.
1295 792 1428 831 Herm.
1450 792 1498 831 ad
1521 787 1822 844 Orp11.p.874.;

99 871 226 911 neque
247 874 469 914 anoptmov
473 873 537 898 ται
559 859 598 906 ἐς
623 856 751 911 ἀήτας
777 861 926 912 placet,
953 874 1043 900 cum
1069 860 1202 940 pptius
1227 860 1409 912 procellis
1434 859 1680 911 abripiantur
1704 870 1822 897 curae

99 938 219 978 quam
239 926 279 965 in
304 926 496 978 procellas
524 927 571 965 cf.
599 927 663 965 od
673 924 726 966 41
743 923 850 979 (ὶςᾜ)
878 925 1187 978 12:1‹30'1’1'209
1207 925 1375 979 πέφευςε
1394 922 1824 980 μιχθὲνάιεμοτρόᾳῳ
1860 924 1863 925 ’

101 992 268 1046 θυέλὶῃ.
292 993 386 1033 Hor.
416 994 489 1034 Od.
516 994 545 1041 Ι,
572 987 650 1034 26:
674 1017 731 1021 ——
758 995 955 1034 tristitiam
980 1001 1019 1034 et
1038 1001 1167 1035 metus

215 1060 385 1100 Tradam
411 1061 605 1113 protervis
631 1061 671 1100 in
687 1074 800 1101 maie
825 1062 1021 1102 Creticum

220 1128 384 1168 Portare
403 1128 542 1168 ventis.
1748 1169 1750 1171 v

211 1196 310 1236 Cum
336 1196 375 1235 in
395 1196 622 1235 universum
653 1197 823 1236 seriores
857 1202 998 1250 poetae
1018 1197 1268 1237 Homericam
1291 1196 1445 1236 dicendi
1466 1196 1658 1236 rationem
1691 1184 1826 1247 capta-

99 1270 207 1313 r,ent
239 1269 322 1303 tum
367 1263 529 1303 liberius
566 1264 859 1316 conjunctivum
894 1270 987 1317 post
1024 1265 1236 1317 pulticulas
1263 1264 1453 1316 temporis
1482 1263 1676 1303 lationem
1702 1261 1825 1313 signi-

98 1334 260 1372 ficantes
301 1330 506 1383 ponebant
537 1332 727 1384 palticula
758 1329 808 1371 ἂν
837 1345 919 1371 non
947 1333 1076 1373 addita
1110 1334 1157 1373 cs
1187 1346 1222 1373 v.
1252 1330 1290 1372 1.
1321 1330 1362 1372 3.
1402 1329 1442 1371 7.
1475 1328 1540 1370 11.
1572 1327 1638 1370 15.
1663 1325 1732 1369 49.
1757 1325 1825 1370 23.

99 1399 166 1439 Vix
209 1412 311 1452 opus
353 1405 413 1438 est
454 1398 604 1438 hiatum
646 1412 955 1439 commemorem
986 1400 1027 1439 in
1059 1415 1136 1450 μευ
1172 1397 1314 1439 ιάνθέι
1352 1404 1419 1439 aut
1457 1398 1747 1450 diphthongum
1780 1411 1824 1435 αι

99 1467 139 1506 in
170 1465 369 1520 τέρπομαι
392 1472 580 1519 sequente
602 1472 846 1507 consonante
866 1467 991 1507 littera
1014 1473 1236 1520 correptam
1262 1467 1310 1506 ad
1336 1464 1744 1506 odariiauctoritatem
1763 1464 1826 1504 in·

98 1535 355 1586 fringendam.
404 1535 499 1574 Inde
530 1548 551 1574 a
578 1535 725 1586 Taneg.
764 1535 892 1575 Fahro
919 1535 986 1587 qui
1015 1548 1104 1574 vere
1129 1534 1304 1574 criticam
1335 1537 1594 1574 exercuerunt
1617 1537 1754 1580 artem,
1776 1531 1825 1571 ad

98 1615 221 1642 unum
253 1615 391 1641 omnes
418 1612 576 1642 carmen
598 1602 777 1654 spurium
803 1615 890 1641 esse
906 1603 1146 1655 judicarunt.

210 1671 266 1710 Ex
287 1670 412 1722 Scylla
436 1670 476 1709 in
498 1670 719 1722 Charybdin
745 1670 931 1709 incidisse
955 1670 1149 1718 videmur,
1173 1670 1206 1709 si
1227 1664 1532 1722 quodsequitur
1543 1679 1701 1706 carmen
1727 1679 1838 1726 qua-¹

98 1738 361 1789 dragesimam
383 1737 554 1790 primum
580 1735 648 1787 (M.
663 1734 738 1790 λς’)
762 1737 984 1777 accuratius
1016 1736 1334 1784 consideramus3
1359 1735 1561 1775 mittamus
1587 1734 1692 1773 enim
1717 1733 1825 1773 dori-

99 1818 165 1845 cas
190 1806 338 1845 formas
365 1804 451 1844 sine
473 1805 549 1844 ulla
575 1818 714 1844 caussa
736 1805 902 1856 positas,
929 1805 1168 1857 conjunctivi
1188 1802 1628 1849 sormamflomerieam,
1655 1801 1823 1840 homoe-

99 1873 267 1912 oteleuta
289 1872 328 1911 in
353 1885 596 1924 unoquoque
615 1885 743 1920 versu,
772 1873 1039 1924 diphthongos
1060 1877 1150 1911 ante
1176 1875 1460 1911 consonantem
1483 1873 1686 1923 correptas
1700 1899 1710 1917 ‚
1731 1867 1825 1906 bre-

96 1952 163 1979 ves
188 1941 344 1980 vocales
366 1939 444 1979 arsi
464 1940 692 1991 productas,
720 1940 873 1979 ionicos
907 1944 1031 1992 puros
1058 1939 1143 1979 sine
1174 1939 1310 1978 ordine
1331 1937 1523 1977 admixtos
1544 1933 1824 1983 anaclomcnis,
1875 1957 1880 1960 ·

99 2020 269 2059 quorum
300 2007 612 2059 unumquodque
646 2020 727 2046 non
759 1999 807 2046 ad
831 2007 1119 2047 Anacreontem
1140 2006 1275 2046 referri
1302 2005 1428 2058 'posse
1457 2016 1616 2044 carmen
1641 2002 1823 2050 declarat,

99 2080 230 2114 tamen
258 2087 302 2114 ex
322 2079 554 2125 argumento
581 2074 864 2126 sententiisque
889 2074 1052 2125 singulis
1078 2074 1296 2127 pessimum
1318 2072 1458 2112 fecisse
1468 2075 1627 2124 poetam
1647 2073 1822 2122 apparet.

98 2142 361 2194 Posteaquam
382 2147 498 2193 poeta
519 2141 720 2181 Bacchum
743 2142 859 2181 deum
881 2142 1061 2194 epithetis
1083 2141 1177 2181 satis
1202 2140 1346 2193 ineptis
1370 2137 1592 2186 cumulavit,
1624 2142 1667 2176 ut
1694 2148 1822 2193 pocu-

98 2210 178 2250 lum
201 2209 317 2248 nobis
340 2209 514 2249 oblatum
541 2209 781 2261 accipiamus
814 2222 926 2248 curas
952 2214 1082 2249 autem
1108 2209 1349 2248 dimittamus
1370 2207 1606 2252 exhortatur,
1648 2203 1741 2256 quid
1761 2203 1824 2243 fu.-

100 2282 232 2317 turum
254 2277 305 2316 sit
324 2290 398 2316 nos
419 2277 552 2324 latere,
579 2276 836 2329 quamobrem
856 2275 1071 2315 hibendum
1093 2281 1208 2328 atque
1228 2275 1456 2315 ludendum.
1493 2274 1602 2320 Quae
1630 2269 1825 2324 principio

103 2345 231 2396 posita
255 2350 314 2383 est
334 2344 564 2392 exho1tatio,
592 2357 636 2383 ea
674 2344 818 2384 claudit
853 2356 1024 2391 carmen,
1060 2344 1100 2382 in
1130 2344 1258 2383 media
1289 2354 1446 2394 quoque
1477 2345 1590 2392 parte
1622 2337 1826 2391 repetitur.

100 2412 218 2460 Bene,
254 2416 294 2451 at
324 2412 525 2464 quomodo
555 2425 599 2451 ex
634 2412 903 2451 exhortatione
939 2411 976 2450 in
1005 2411 1230 2451 universum
1264 2409 1400 2449 incidit
1433 2412 1550 2460 pocta
1583 2407 1623 2446 in
1649 2405 1823 2458 ‚stropha

38 2469 40 2471 ¹
101 2480 235 2532 quinta
268 2484 306 2518 et
335 2485 441 2518 sexta
472 2479 512 2518 in
544 2492 656 2518 suam
687 2478 812 2530 ipsius
845 2478 1038 2518 sentiendi
1067 2478 1261 2518 rationem
1299 2475 1618 2516 desciibendam:
1653 2463 1826 2525 μεθῦων

102 2544 212 2585 θέλω
222 2543 402 2598 χορεύειι
428 2552 466 2585 et
489 2559 589 2598 quae
614 2545 865 2598 sequuntur?
889 2546 976 2585 Jam
1000 2547 1236 2597 aufugerunt
1261 2557 1378 2585 curae
1397 2543 1487 2582 vino
1509 2546 1718 2594 apportato
1740 2552 1829 2580 om-

101 2627 184 2663 nes,
212 2627 317 2653 nunc
341 2614 424 2653 aliis
445 2613 629 2666 relinquit
648 2618 764 2665 poeta
788 2626 866 2662 eas,
889 2613 974 2665 ipse
995 2614 1103 2653 solus
1126 2613 1287 2653 dimisit.
1327 2611 1571 2651 Accedamus
1603 2609 1651 2649 ad
1683 2605 1828 2649 Bacchi

100 2681 426 2733 descriptionem:
450 2680 560 2720 chori
581 2681 827 2720 saltationem
850 2681 1045 2721 invenisse
1071 2680 1234 2729 dicitur3
1260 2684 1378 2719 recte.
1412 2675 1547 2724 τὈλοις
1563 2672 1740 2727 ’μολπὰς
1758 2674 1827 2714 de-

101 2749 246 2788 siderat
266 2749 385 2797 deus,
418 2760 518 2799 quae
538 2748 617 2787 sint
641 2745 731 2787 ὅλαι
754 2748 914 2798 μολπαί
935 2748 1156 2797 dubitatur,
1180 2747 1344 2787 forsitan
1373 2746 1400 2786 ii
1430 2745 1509 2785 sint
1538 2748 1690 2790 cantus,
1722 2753 1824 2794 quos

101 2829 239 2856 omnes
265 2821 435 2863 cantant,
461 2820 505 2855 ut
524 2815 685 2867 proprie
706 2812 813 2854 ὅλων
839 2815 998 2866 μολπαί
1020 2815 1229 2855 dicendum
1250 2814 1377 2853 fuerit.
1421 2813 1508 2852 Jam
1529 2809 1664 2850 Amori
1689 2814 1728 2867 et
1747 2808 1822 2848 Ve—

100 2883 183 2923 neri
209 2883 461 2923 consociatur
479 2883 658 2923 Bacchus
685 2883 733 2923 cs.
757 2884 808 2922 od
828 2884 887 2932 VI,
909 2881 976 2923 12.
1000 2880 1067 2922 13.
1090 2880 1166 2932 143
1191 2882 1260 2921 sed
1280 2893 1358 2933 quo
1379 2880 1468 2933 jure
1487 2877 1646 2919 Veneris
1671 2881 1825 2917 amator

100 2951 252 2990 dicatur
281 2963 361 2990 non
397 2951 493 2991 scie.
544 2951 598 2990 Ex
630 2951 786 2990 Baccho
818 2956 926 2990 ortae
949 2950 1133 2990 dicuntur
1164 2947 1294 2999 Μέθη
1315 2953 1354 2987 et
1374 2942 1526 3000 Χάρις,
1548 2944 1735 2985 notiones
1753 2941 1828 2983 ab·
