1910 3268
862 192 994 261 ‚143

98 319 256 370 quidem
281 318 376 359 nihil
400 319 515 372 plane
539 319 680 372 liquet,
717 331 806 359 cum
838 331 888 359 ne
918 320 1079 360 nomina
1115 320 1270 373 quidem
1299 321 1392 361 alias
1417 323 1667 374 proferantur
1689 335 1817 376 neque

99 399 143 426 ex
168 387 388 426 carminum
412 387 652 437 argumentis
678 387 891 439 quidquam
917 388 1003 427 elici
1035 388 1184 440 possit3
1218 388 1259 427 in
1292 389 1517 430 universum
1554 395 1684 430 autem
1717 390 1820 431 inter

99 454 310 507 septimum
331 459 369 493 et
387 454 583 493 decimum
602 459 694 505 post
712 454 801 494 Chr.
822 467 862 494 n.
881 456 1058 495 seculum
1077 456 1218 496 vixisse
1239 456 1305 508 qui
1329 458 1583 509 proferuntur
1605 458 1819 511 scriptores

99 527 274 574 apparet.
337 521 673 574 Sophronius
717 521 896 562 Heraclio
941 523 1070 575 primo
1114 529 1302 575 regnante
1345 520 1447 576 (610
1467 547 1522 552 —-
1541 521 1641 578 614)
1688 525 1818 565 archi-

100 589 277 642 episcopi
301 589 645 641 Hierosolymitani
669 602 832 629 munere
856 590 1112 641 fungebatur3
1158 590 1199 630 in
1233 591 1378 630 odariis
1413 591 1498 644 ipse
1521 592 1821 644 expugnationis

102 670 123 696 a
149 655 281 697 Persis
307 657 433 696 factae
459 653 577 708 (616)
603 662 642 696 et
664 656 866 696 restitutae
889 657 1079 697 libertatis
1105 655 1223 710 (630)
1244 659 1436 698 meminit.

214 723 437 763 Michael
469 724 746 777 Syncellus
776 725 991 776 imaginum
1025 726 1314 766 restitutionem
1342 726 1574 776 Theodora,
1612 727 1822 781 Theophili

100 791 275 841 muliere,
301 804 477 831 summas
503 804 566 831 res
592 797 749 831 tenente
775 788 1056 845 (842—856)
1083 793 1264 834 celebrat.

214 859 410 911 Ignatii
454 859 697 911 grammatici
737 860 916 900 meminit
949 861 1089 901 Suidas
1121 861 1181 902 ed.
1216 862 1360 901 Kuster
1378 862 1434 911 II,
1460 875 1499 915 p.
1524 859 1602 912 94,
1638 863 1705 916 qui
1724 863 1823 904 11366

102 926 240 967 hahet:
260 922 462 979 Ἰγνάτιος
471 924 676 975 Διάκονος
698 926 764 967 καὶ
789 925 1058 982 Σκευοφύλαξ
1081 931 1152 980 τῆς
1172 925 1350 982 μεγάλης
1374 928 1584 982 ἐκκλησίας
1600 929 1824 971 Κωνσταν-

101 990 370 1042 τινουπόλεως
412 995 476 1035 καὶ
519 993 690 1049 γεγονώς
730 996 1034 1048 μητροπολίτης
1078 995 1252 1044 Νικαίας
1302 993 1587 1050 γραμματικός
1608 1009 1619 1020 ·
1671 995 1826 1052 ἔγραψε

102 1060 216 1112 βίους
245 1062 456 1115 Ταρασίου
490 1061 754 1115 (patriarchae
778 1064 1079 1118 Constantinop.
1115 1061 1381 1114 784—806,
1418 1066 1466 1104 61.
1493 1065 1701 1106 Schlosser
1722 1066 1823 1107 Hist.

104 1129 199 1182 imp.
226 1130 395 1170 iconocl.
412 1143 451 1183 p.
467 1128 564 1172 276.
583 1128 684 1184 356)
706 1132 771 1171 καὶ
798 1127 1039 1186 Νικηφόρον
1059 1130 1322 1184 (patriarchae
1348 1132 1552 1172 Constant.
1569 1123 1825 1184 806-815,

107 1197 155 1237 cf.
183 1197 391 1237 Schlosser
414 1198 513 1238 Hist.
539 1199 633 1252 imp.
660 1199 764 1240 icon.
791 1213 831 1252 p.
857 1196 982 1252 416),
1018 1202 1100 1240 τῶν
1133 1195 1258 1252 ἁγίων
1291 1199 1357 1239 καὶ
1390 1199 1603 1252 μακαρίων
1626 1215 1828 1256 πατριαρ-

100 1267 212 1316 χῶν·
255 1265 518 1317 ἕηιτυμβίους
542 1265 721 1319 ἐλέγους·
767 1265 980 1314 ἐπιστολὰς
988 1299 999 1318 ,
1036 1264 1210 1320 ἰάμβους
1234 1267 1289 1315 εἷς
1315 1266 1472 1320 Θωμᾶν
1495 1266 1567 1309 τὸν
1583 1265 1828 1322 Ἀντάρτην·

106 1328 207 1386 ἅπερ
245 1329 486 1384 ὀνομάζουσι
520 1332 573 1375 τὰ
607 1332 711 1374 κατὰ
739 1333 896 1387 Θωμᾶν
931 1335 996 1375 καὶ
1023 1333 1128 1375 ἄλλα
1158 1332 1289 1376 πολλά
1326 1334 1392 1388 (de
1417 1337 1593 1386 Thoma,
1628 1337 1827 1378 Michaelis

107 1400 218 1441 Balbi
242 1401 464 1442 adversario
492 1403 540 1443 61.
568 1403 775 1443 Schlosser
798 1401 1013 1456 HistJimp.
1040 1404 1144 1444 icon.
1170 1417 1208 1457 p.
1234 1401 1331 1445 457.
1356 1402 1473 1456 447).

219 1469 374 1509 Areth
391 1483 462 1510 am
495 1470 838 1524 archiepiscopum
874 1472 922 1512 ad
947 1472 1044 1511 noni
1069 1472 1190 1511 seculi
1225 1472 1368 1513 exitum
1393 1473 1590 1525 pertinere
1614 1485 1659 1512 ex
1683 1472 1827 1512 carmi-

107 1549 203 1576 num
229 1538 350 1578 titulis
372 1544 557 1591 apparet,
594 1539 737 1591 quibus
760 1539 926 1579 Photius
961 1540 1206 1592 patriarcha.
1241 1540 1323 1580 Leo
1357 1540 1573 1593 imperator
1596 1540 1828 1580 celebratur.

107 1605 207 1645 Leo
242 1606 516 1658 magister,
560 1609 834 1663 cujuslexstat
868 1607 1184 1660 chronographia
1218 1620 1351 1647 rerum
1386 1608 1488 1647 inter
1512 1620 1659 1649 annum
1683 1605 1768 1648 813
1792 1612 1831 1647 et

108 1670 193 1713 949
227 1674 438 1723 factarum,
474 1674 547 1714 sub
573 1675 736 1715 Leontis
772 1681 809 1715 et
834 1675 1081 1715 Constantini
1113 1675 1238 1728 quinti
1262 1675 1628 1728 Porphyrogenneti
1661 1675 1828 1728 imperio

111 1741 261 1781 floruit.
305 1742 327 1781 J
337 1754 459 1781 oann
471 1755 519 1782 es
541 1743 818 1794 grammaticus
845 1743 1019 1783 Gazaeus
1047 1743 1177 1783 medio
1202 1748 1309 1783 sexto
1338 1742 1471 1783 seculo
1498 1742 1650 1782 videtur
1673 1742 1826 1785 vixisse.

225 1809 437 1861 Georgii
472 1810 715 1862 grammatici
751 1811 992 1851 mentionem
1027 1811 1118 1850 fecit
1148 1810 1230 1850 Leo
1256 1810 1417 1850 Allatius
1453 1810 1565 1850 diatr.
1601 1809 1650 1849 de
1684 1810 1828 1862 Georg.

111 1890 173 1928 ap.
202 1877 319 1917 Fabr.
344 1878 419 1918 vol.
445 1878 527 1928 XII,
553 1892 592 1930 p.
618 1875 675 1919 22
699 1878 758 1918 ed.
784 1878 903 1926 Harl„
929 1879 998 1918 sed
1024 1879 1070 1918 de
1095 1883 1219 1918 aetate
1244 1891 1320 1930 qua
1343 1877 1478 1917 vixerit
1501 1876 1596 1917 nihil
1619 1877 1750 1918 habet.

225 1945 255 1985 L
270 1958 326 1985 eo
351 1950 468 1997 poeta
493 1950 531 1985 et
554 1946 838 2001 philosophus,
874 1947 986 1999 cujus
1020 1946 1154 1986 odario
1180 1947 1329 1986 Bardae
1354 1945 1545 1985 brumalia
1571 1945 1830 1994 celebrantur,

114 2018 278 2066 propter
309 2013 490 2053 eximiam
527 2026 660 2053 rerum
695 2014 1061 2055 mathematicarum
1096 2014 1299 2054 scientiam
1334 2027 1356 2053 a
1382 2013 1508 2053 Barda
1542 2011 1730 2061 Caesare,
1766 2011 1832 2065 qui

114 2080 301 2120 Michaele
326 2081 439 2120 tertio
474 2082 522 2121 ad
557 2082 689 2121 omnia
723 2082 890 2122 nefanda
925 2095 971 2122 ac
995 2082 1158 2134 puerilia
1183 2082 1321 2121 adacto
1346 2081 1432 2132 ipse
1456 2079 1608 2132 imperii
1635 2079 1832 2131 guberna-

114 2149 261 2188 tionem
287 2148 456 2197 tenebat,
483 2149 705 2189 academiae
728 2150 782 2190 illi
803 2150 1145 2203 Constantinopoli
1170 2149 1350 2189 conditae
1374 2147 1623 2200 praepositus
1647 2153 1709 2187 est
1731 2160 1765 2188 a.
1791 2161 1832 2200 p.

115 2216 206 2256 Chr.
228 2229 266 2256 n.
292 2212 389 2266 862,
413 2217 461 2257 61.
478 2217 686 2257 Schlosser
708 2218 808 2257 Hist.
824 2217 919 2269 imp.
939 2217 1108 2257 iconocl.
1128 2230 1168 2269 p.
1192 2213 1290 2256 495.
1305 2213 1401 2256 544.
1461 2214 1707 2267 Theophanes
1731 2214 1835 2254 idem

117 2285 280 2324 forsitan
310 2284 362 2324 sit
396 2290 513 2338 atque
553 2284 619 2337 qui
654 2285 1019 2338 Chronographiam
1053 2298 1179 2337 usque
1212 2284 1259 2324 ad
1294 2296 1442 2323 annum
1475 2296 1515 2335 p.
1553 2282 1644 2323 Chr.
1678 2295 1718 2322 11.
1753 2278 1838 2322 813

115 2352 288 2405 scripsit.
347 2353 404 2392 De
425 2352 584 2398 ceteris,
614 2353 680 2405 qui
705 2354 983 2405 proferuntur,
1019 2352 1147 2405 poetis
1174 2351 1269 2391 nihil
1295 2355 1461 2391 constat.
1530 2350 1714 2389 Extremo
1748 2349 1837 2388 loco

117 2417 232 2459 ἄλλω
265 2418 425 2474 ἀρχαῖοι
460 2420 719 2460 nominantur
752 2426 844 2473 post
867 2421 1001 2460 titulos
1034 2419 1120 2458 illos
1147 2418 1486 2471 symposiacorum
1513 2416 1731 2457 carminum
1755 2415 1842 2455 sine

119 2494 325 2540 poetarum
352 2488 513 2528 nomine
537 2487 779 2540 propositos.
840 2487 932 2527 Sine
954 2487 1073 2527 dubio
1100 2491 1137 2526 et
1160 2486 1213 2526 illi
1240 2484 1399 2538 ἀρχαῖοι
1425 2489 1684 2537 opponuntur
1711 2483 1841 2523 omni-

120 2555 197 2595 bus
233 2556 299 2608 qui
333 2561 656 2608 praecesserunt,
693 2555 821 2607 poetis
846 2555 970 2595 multo
1009 2554 1238 2603 serioribus,
1265 2559 1368 2594 etex
1391 2551 1582 2593 vocabulo
1613 2548 1730 2590 ἄλλοι
1754 2563 1845 2591 611111

119 2623 188 2675 qui
220 2623 389 2662 indicem
426 2624 616 2673 confecit,
654 2623 827 2663 carmina
862 2619 1124 2674 συμποσιακά
1161 2621 1429 2662 antecedentia
1465 2633 1539 2673 pro
1574 2619 1766 2671 antiquis,
1811 2618 1846 2658 si

121 2703 213 2730 cum
240 2690 379 2730 ceteris
408 2704 628 2744 comparas,
655 2691 842 2732 habuisse
861 2695 1036 2742 apparet.
1057 2712 1112 2719 -—
1137 2690 1177 2729 Si
1203 2689 1336 2729 titulos
1362 2688 1402 2727 in
1429 2688 1548 2728 altera
1574 2685 1713 2726 indicis
1737 2690 1848 2738 parte

123 2758 263 2798 citatos
287 2763 536 2809 spectamus,
574 2759 747 2799 carmina
773 2763 841 2798 aut
864 2758 913 2797 ad
936 2758 1127 2798 Leontem
1153 2757 1379 2809 Sapientem
1405 2750 1682 2805 (886-*912)
1717 2753 1849 2805 ipsum

123 2830 325 2866 auctorem
359 2826 583 2865 reseruntur
618 2832 685 2866 aut
718 2839 764 2865 eo
798 2827 961 2878 ejusque
991 2825 1071 2864 filio
1098 2829 1285 2876 regnante
1310 2837 1331 2863 a
1358 2822 1520 2870 Photio,
1548 2819 1848 2871 Christophoro,

125 2898 168 2932 ut
193 2906 238 2934 ex
263 2893 445 2932 extremis
469 2894 618 2933 codicis
644 2894 745 2933 foliis
772 2897 957 2945 apparet,
995 2892 1080 2932 aliis
1118 2890 1339 2943 composita
1372 2895 1478 2930 sunt.
1546 2888 1590 2927 In
1624 2887 1851 2927 universum

125 2961 242 3012 igitur
281 2966 318 3000 et
352 2960 476 3000 multo
510 2961 637 3001 serior
667 2962 765 3001 hacc
802 2959 1180 3001 Anacreonticorum
1213 2957 1390 2998 collectio
1429 2955 1592 2996 dicenda
1628 2954 1702 2994 erit
1734 2966 1852 3007 quam

131 3041 230 3079 quae
255 3029 293 3067 in
322 3028 457 3067 codice
484 3028 661 3069 Palatino
689 3028 893 3081 reperitur,
923 3033 961 3066 et
986 3027 1109 3067 multo
1135 3026 1249 3066 latius
1284 3030 1411 3078 patet,
1448 3037 1537 3064 cum
1563 3034 1785 3076 quanquam
1811 3034 1854 3061 ea
