1910 3268
945 132 1003 175 64

232 257 320 296 Non
347 257 478 296 minus
497 263 705 296 venustum
731 269 848 309 quam
875 259 980 309 quod
1006 258 1257 298 tractavimus
1284 257 1484 306 odarium,
1518 264 1577 297 est
1601 258 1842 299 tricesimum

54 370 58 374 .
118 329 299 376 quartum
332 320 460 376 (μέν).
514 324 684 374 Fugiens
720 324 847 376 puella
882 325 1063 377 donaque
1098 324 1227 364 oblata
1261 324 1570 365 cavillationibus
1603 338 1845 378 persequens

120 397 163 431 ut
188 392 319 441 sugere
345 398 481 440 cesset,
506 396 691 443 precatur
723 396 863 443 poeta3
897 380 1000 432 sicut
1029 392 1132 432 enim
1163 397 1252 445 apte
1276 391 1352 432 lilia
1377 391 1479 430 rosis
1503 392 1762 441 misceantur,
1787 392 1845 432 sic

120 459 330 498 convenire
365 458 475 498 albos
507 458 668 510 capillos
708 459 860 510 puellae
886 460 1010 499 comis
1046 460 1251 500 admixtos.
1311 459 1467 499 Puellae
1498 459 1680 511 fugientis
1716 459 1844 511 imago

120 539 238 578 saepe
273 525 313 564 in
349 526 576 576 fragmentis
608 525 724 564 nobis
758 526 1016 578 proponitur,
1065 532 1317 579 comparatur
1346 532 1413 567 aut
1446 539 1536 566 cum
1570 526 1677 579 pullo
1702 525 1846 579 equino

122 594 229 633 frena
261 606 342 632 non
377 594 525 632 serente
559 597 627 632 aut
660 605 751 632 cum
785 593 972 632 hinnuleo
1008 600 1114 634 metu
1149 594 1333 645 fugiente.
1395 594 1494 634 Illud
1527 590 1685 633 διώκειν
1719 593 1845 645 δῶρα,

122 660 228 712 quod
264 659 530 699 difficultatem
565 659 773 700 maximam
805 660 986 712 praebet,
1014 661 1281 701 Mehlhornius
1314 662 1470 715 quidem
1506 675 1550 702 ea
1584 674 1703 713 quam
1728 672 1849 713 supra

121 727 313 779 proposui
348 726 501 767 ratione
535 726 754 779 explicavit,
800 727 869 767 sed
899 727 933 766 si
967 727 1074 767 verbi
1106 741 1222 768 usum
1258 734 1483 781 spectamus
1515 729 1553 768 in
1587 729 1634 768 iis
1657 727 1756 768 locis
1781 726 1849 767 ubi

122 795 169 833 de
193 794 416 834 amantibus
442 794 595 843 dicitur,
622 794 730 833 notio
758 795 873 847 plane
896 795 1090 834 contraria
1116 795 1244 835 existit
1268 797 1314 836 cs.
1337 796 1437 836 Bion
1461 797 1534 848 Ep.
1561 795 1634 836 Ad.
1657 792 1729 836 53:
1755 790 1783 834 ἃ
1807 791 1851 834 δὲ

122 858 291 901 τάλαινα
309 857 511 916 {nim-uqi
536 859 582 899 οὐ
609 857 791 911 δύναμαί
813 876 855 900 σε
883 858 1038 902 διώκειν
1063 863 1211 903 Maced.
1239 863 1284 903 A.
1318 863 1398 904 Pal.
1424 863 1454 902 V
1479 876 1517 916 p.
1554 859 1649 903 158.
1684 875 1723 902 n.
1744 859 1851 903 247:

123 929 189 968 καὶ
210 925 368 983 φεύγεις
393 927 583 981 φιλέοντα
609 927 675 967 καὶ
703 926 751 968 οὗ
770 926 962 981 φιλέοντα
984 926 1152 978 διώκεις.
1201 931 1332 979 Quare
1356 930 1489 982 potius
1513 929 1727 970 Hermanni
1753 943 1851 970 con-

119 997 313 1048 jecturam
348 992 475 1048 διιῦσῃ
508 996 741 1048 acceperim.
803 996 1054 1048 Comparatio
1086 997 1155 1038 illa.
1187 1010 1277 1036 cum
1313 997 1472 1037 coronis
1505 1010 1548 1037 ex
1580 997 1682 1037 rosis
1703 1002 1742 1037 ct
1763 997 1854 1038 liliis

123 1064 238 1103 sertis
273 1064 415 1103 mirum
450 1069 638 1115 quantum
673 1064 888 1104 venustatis
936 1064 1131 1112 continet3
1178 1065 1341 1104 eandem
1377 1063 1553 1104 adhibuit
1591 1064 1780 1105 Goethius
1814 1065 1855 1104 in

124 1132 342 1182 praeclara,
371 1143 471 1183 quae
496 1131 721 1182 praeposita
747 1137 807 1171 est
829 1130 1045 1171 Hermanni
1071 1137 1110 1171 ct
1133 1131 1355 1171 Dorotheae
1381 1130 1563 1180 carmini,
1599 1131 1742 1182 elegia:

395 1197 527 1243 „Aber
546 1197 675 1238 Rosen
699 1199 825 1238 winde
843 1211 970 1250 ¹qenuy
991 1211 1084 1238 zum
1109 1198 1342 1238 hduslichen
1365 1198 1528 1239 Kranze

396 1264 530 1309 „Bald
556 1265 617 1305 als
642 1265 746 1306 Lz'lz'e
771 1266 940 1318 schlinqt
964 1265 1134 1305 silberne
1157 1265 1278 1306 Loclce
1301 1265 1383 1305 sich
1404 1265 1577 1306 durch.“

127 1334 293 1372 Metrum
340 1345 494 1372 summa
542 1338 622 1372 arte
665 1333 930 1386 compositum
971 1338 1030 1373 est
1063 1333 1388 1385 Anacreonteque
1421 1333 1711 1385 dignissimum.
1769 1333 1856 1374 Jam

126 1400 331 1440 offendunt
356 1412 429 1439 nos
457 1399 613 1439 (loricae
637 1401 787 1441 formae
812 1406 850 1440 et
874 1401 1032 1440 atticae:
1067 1397 1141 1439 τάν
1167 1397 1308 1453 πολιὰν
1335 1398 1498 1453 ἔθειραν
1530 1405 1565 1440 et
1596 1397 1718 1453 ὥρας.
1764 1400 1860 1440 Inde

127 1474 176 1506 ne
202 1468 278 1506 hoc
311 1467 467 1519 quidem
502 1480 659 1506 carmen
682 1468 930 1507 Anacreonte
948 1467 1221 1518 dignissimum
1247 1467 1406 1506 serioris
1432 1467 1569 1507 aetatis
1593 1467 1860 1508 correctiones

126 1534 311 1585 effugisse
336 1540 511 1586 apparet.

240 1601 347 1640 ldem
373 1601 515 1640 accidit
539 1602 881 1653 praestantissimo
903 1602 1065 1641 carmini
1091 1601 1291 1649 tricesimo
1314 1607 1452 1641 octavo
1475 1597 1586 1655 (με’),
1613 1602 1719 1654 quod
1743 1602 1860 1642 resti-

129 1675 254 1709 tutum
282 1668 470 1708 dehemus
497 1668 625 1708 Caroli
650 1668 894 1709 Lachmanni
927 1669 1141 1720 sagacitati.
1203 1668 1318 1717 Quod
1343 1668 1532 1720 Bergkius
1567 1682 1608 1721 p.
1634 1665 1719 1710 225
1742 1682 1859 1722 prae-

124 1736 274 1788 jiulicio
302 1735 473 1787 quodam
506 1735 546 1775 in
570 1735 858 1775 Anacreontem
884 1736 1060 1776 invectus
1094 1736 1197 1786 hanc
1221 1748 1379 1788 quoque
1410 1735 1698 1776 cantiunculam
1730 1736 1859 1788 pessi-

129 1815 234 1843 mam
271 1802 408 1842 dixerit
440 1815 521 1842 non
558 1808 762 1851 curantes,
800 1816 885 1842 eam
922 1803 1220 1855 perlustremus.
1282 1803 1407 1842 Senex
1431 1803 1607 1855 quamvis
1633 1804 1695 1853 sit,
1730 1808 1862 1844 tamen

128 1870 217 1922 plus
253 1882 296 1909 se
320 1869 531 1922 juvenibus
567 1874 705 1921 potare
741 1870 950 1921 profitetur
972 1875 1109 1922 poeta3
1154 1870 1188 1910 si
1226 1870 1447 1910 saltandum
1481 1870 1552 1919 sit,
1602 1870 1776 1911 Silenum
1817 1883 1860 1910 sc

130 1937 285 1976 culeum
318 1941 534 1988 gestantem
569 1936 811 1977 imitaturum
847 1949 955 1985 esse3
987 1937 1168 1988 repudiat
1191 1937 1353 1977 ferulam
1378 1937 1496 1976 ebriis
1522 1937 1725 1986 usitatam,
1759 1949 1859 1990 pue-

131 2016 218 2043 rum
244 2005 432 2056 poculum
459 2005 596 2044 afferre
615 2004 740 2057 jubet.
796 2005 939 2055 Magna
963 2004 1020 2043 vis
1044 2004 1085 2043 in
1109 2009 1192 2043 toto
1219 2004 1393 2043 carmine
1417 2005 1538 2053 inest3
1564 2004 1742 2044 celeriter
1764 2016 1858 2043 sen-

133 2071 276 2111 tentiae
309 2084 352 2110 se
386 2071 604 2123 excipiunt3
639 2071 816 2111 videmus
850 2071 973 2110 oculis
1008 2070 1140 2122 ipsum
1173 2083 1307 2110 senem
1339 2071 1504 2127 ebrium.
1555 2071 1710 2111 Silenus
1746 2070 1858 2111 culeo

132 2138 243 2178 nisus
267 2138 346 2177 huc
370 2138 536 2178 maxime
563 2138 665 2186 facit,
692 2137 1023 2190 quemadmodum
1050 2137 1333 2190 antiquissimis
1361 2137 1598 2189 imaginibus
1623 2137 1783 2189 fingitur
1807 2138 1856 2177 cf.

133 2206 294 2244 Mueller
325 2205 529 2244 Archaeol.
564 2218 603 2257 p.
636 2201 732 2245 577.
794 2204 898 2253 Quin
923 2204 1181 2244 Anacreontis
1216 2204 1340 2256 ipsius
1375 2210 1524 2254 statua,
1561 2216 1662 2257 quae
1685 2203 1861 2245 exstabat

133 2272 173 2311 in
197 2272 383 2324 Acropoli
405 2272 635 2312 Atheniensi
659 2272 878 2312 Pausaniae
908 2276 1033 2311 aetate
1070 2271 1118 2310 cs.
1144 2271 1364 2321 Pausan.1‚
1390 2269 1458 2313 25.
1485 2271 1549 2310 καὶ
1575 2269 1611 2311 οἳ
1642 2269 1688 2311 τὸ
1720 2273 1860 2324 σχῆμα
1888 2263 1892 2266 ’

133 2338 242 2379 ἐστὶν
266 2334 349 2378 οἷον
374 2336 546 2395 ᾄδοντος
571 2336 622 2378 ἂν
642 2339 683 2379 ἓν
706 2339 820 2392 μέθῃ
844 2336 998 2391 γένοιτο
1027 2335 1251 2390 ἀνθρώπου
1276 2339 1324 2377 ad
1358 2339 1585 2391 hujusmodi
1617 2350 1775 2378 carmen
1801 2339 1859 2378 ef-

133 2408 223 2446 ficta
257 2406 420 2446 videtur.
480 2406 717 2458 Logaoedici
752 2418 889 2445 versus
916 2411 1025 2458 -apte
1069 2405 1325 2445 dimetrorum
1369 2405 1629 2446 iambicorum
1674 2405 1858 2458 strophas

135 2474 322 2513 claudunt
344 2486 472 2526 neque
495 2473 705 2513 verborum
731 2473 880 2512 formae
904 2472 952 2512 ab
985 2471 1113 2511 ionica
1138 2472 1302 2512 dialecto
1328 2471 1554 2512 abhorrent.
1603 2472 1707 2520 Quin
1732 2476 1859 2512 exter-

134 2541 195 2580 nis
223 2553 380 2592 quoque
404 2539 639 2580 testimoniis
666 2539 924 2579 Anacreontis
960 2551 1107 2578 nomen
1143 2538 1235 2578 huic
1266 2539 1430 2579 carmini
1463 2538 1697 2591 inscriptum
1723 2539 1858 2579 desen-

135 2607 258 2654 ditur3
283 2607 521 2659 Hephaestio
547 2607 651 2646 enim
676 2620 715 2658 p.
743 2603 800 2645 30
823 2606 883 2646 ed.
899 2607 958 2655 G„
986 2598 1170 2645 Pl'otinus
1195 2606 1242 2644 de
1266 2612 1380 2647 metr.
1407 2619 1447 2658 p.
1468 2603 1579 2647 1462
1602 2605 1663 2645 ed.
1682 2606 1858 2654 Putsch.,

135 2674 268 2714 Schol.
303 2674 376 2714 Au.
414 2674 515 2713 Plut.
553 2671 636 2713 302
670 2686 825 2713 versum
860 2673 1072 2725 septimum
1108 2678 1146 2712 ct
1188 2678 1368 2713 octavum
1411 2673 1459 2713 ad
1482 2673 1768 2712 Anacreontem
1794 2683 1858 2712 re-

135 2743 276 2781 serunt.

249 2808 299 2847 Ut
332 2808 567 2847 antecedens
602 2819 760 2847 carmen
794 2806 1031 2846 Anacreonti
1072 2818 1228 2846 summo
1264 2808 1354 2858 jure
1388 2806 1584 2846 vindicare
1615 2805 1858 2854 videbamur,

137 2875 194 2914 sic
219 2874 459 2915 tricesimum
482 2879 632 2914 sextum
655 2873 723 2925 (M.
745 2869 797 2926 ν’)
821 2873 1000 2925 spurium
1024 2885 1111 2912 esse
1137 2873 1247 2912 facile
1270 2872 1541 2925 prohabimus
1580 2872 1724 2925 Ohjicit
1742 2877 1858 2924 poeta

139 2942 315 2988 cuidam,
362 2941 465 2993 quod
502 2940 718 2981 rhetoricas
754 2941 856 2991 leges
891 2945 1007 2992 atque
1040 2945 1142 2979 artes
1169 2939 1311 2979 docere
1337 2940 1511 2987 studeat·y
1557 2939 1688 2992 potius
1722 2938 1858 2978 bibere
