1910 3268
160 323 268 365 Idem
296 324 376 365 sere
413 327 687 375 argumentum
722 326 930 360 tractatum
966 319 1116 360 videbis
1149 321 1189 360 in
1220 321 1600 375 Pseudophocyllide
1626 335 1661 362 v.
1693 320 1776 366 125
1795 337 1882 377 squ.

130 405 137 419 -·
161 391 300 443 Bergk.
333 390 423 442 Lyr.
465 391 530 430 Gr.
570 402 625 443 p.¹
645 385 750 436 3493
784 400 901 440 quem
932 387 1098 439 Flayder
1135 389 1376 440 comparavit
1408 388 1540 430 locum
1577 403 1623 430 ex
1656 390 1803 432 Galeno
1835 392 1884 431 de

159 470 221 498 115.
247 461 361 510 part.,
387 457 467 496 huc
500 469 582 496 non
617 455 857 507 quadrat-in
883 467 1008 507 eoque
1034 454 1186 494 homini
1218 467 1299 495 non
1332 453 1527 509 φρόνημα
1558 458 1638 497 sive
1673 454 1792 511 λόγος
1814 459 1885 498 sed

69 514 83 526 ⁸
155 530 285 577 χεῖρες
310 524 549 564 tribuuntur.
601 523 835 573 Quanquam
861 518 1292 574 argumentumipsum
1313 524 1402 576 jure
1437 525 1484 564 ad
1507 524 1794 566 Anacreontem
1819 539 1884 567 re-

161 592 253 632 ferri
276 596 420 644 potest,
447 596 578 630 tamen
606 601 695 628 cum
721 589 966 628 Mehlhornio
991 602 1031 641 p.
1059 586 1142 629 273
1168 602 1216 629 an
1243 590 1373 642 ipsum
1401 591 1580 631 odarium
1609 591 1758 632 seriore
1782 598 1883 633 tem-

159 671 256 711 pore
289 658 336 698 ad
372 657 531 709 genuini
565 656 860 696 similitudinem
894 657 1160 708 compositum
1193 657 1244 697 sit
1268 657 1459 707 dubitare,
1485 649 1601 710 quam
1636 671 1726 700 cum
1750 654 1884 700 Peerl—

161 726 320 778 kampio
346 725 379 764 si
404 725 527 764 ullum
552 725 630 763 hoc
650 723 781 776 ipsum
807 723 1046 763 Anacreonti
1071 724 1294 764 adscribere
1315 725 1534 767 maluerim.
1585 726 1756 766 Offendit
1779 718 1883 768 6111111

127 793 130 796 ’
160 793 253 832 illud
278 790 428 844 κέρατα
454 792 583 832 media
608 790 752 843 syllaba
770 778 977 843 producta,
1005 803 1228 845 quanquam
1247 792 1449 844 Euripidis
1476 798 1598 834 exstat
1613 794 1880 845 locusBacch.

159 873 194 900 v.
219 856 326 901 921:
352 860 417 899 καὶ
445 862 504 913 σῷ
528 857 668 911 κέρα-τε
691 858 807 910 κρατὶ
832 857 1164 910 προςπεᾳυκέναι.
1199 859 1258 899 Ad
1282 859 1426 908 locum,
1452 861 1729 912 quemBlomf.
1759 863 1882 915 praes.

161 926 303 967 Aesch.
329 927 439 968 Pers.
464 927 613 967 XXVII.
643 939 686 966 ex
710 926 851 966 Athen.
873 927 936 966 XI.
962 940 1002 978 p.
1028 923 1125 966 476.
1143 926 1183 966 C.
1209 927 1372 979 protulit
1390 927 1589 980 Aeschyli:

698 1024 701 1026 v
754 1017 811 1022 ——
837 989 1127 1047 ἀργυρηλάτοις

483 1060 619 1114 κέρασι
638 1063 775 1113 χρυσᾶ
801 1056 950 1111 στόμια
975 1059 1355 1112 προςβεβλημὲνοις,

154 1131 362 1184 Sophoclis
392 1123 543 1171 ac'c'edit
574 1129 687 1168 locus
723 1129 866 1169 Trach.
895 1125 1000 1168 519:
1032 1124 1240 1181 ἀνάμιγδα
1280 1125 1461 1181 κεράτων
1501 1131 1549 1184 Cf·
1584 1132 1728 1173 Mehlh.
1762 1133 1880 1172 Anth.

155 1213 195 1251 p.
221 1195 296 1247 87;
324 1198 441 1238 ceteri
465 1197 542 1238 loci
563 1197 610 1236 ad
641 1195 765 1235 multo
791 1196 980 1235 seriorem
1005 1201 1169 1236 aetatem
1195 1196 1393 1248 pertinent
1425 1198 1473 1238 cf.
1505 1198 1627 1251 Orph.
1663 1213 1726 1252 ap.
1751 1200 1880 1240 Procl.

158 1263 197 1316 6,
223 1263 292 1310 24.
340 1265 508 1318 Oppian.
542 1264 684 1316 Cyneg.
720 1261 769 1313 2,
791 1259 860 1304 95.
896 1260 994 1303 489.
1043 1264 1207 1304 Etiamsi
1244 1277 1333 1304 cum
1368 1265 1641 1319 Peerlkampio
1677 1281 1720 1308 ex
1755 1268 1880 1309 forma
1908 1268 1910 1270 ’

157 1330 309 1387 κεράας
334 1338 465 1373 ortum
491 1345 577 1372 esse
606 1331 894 1380 existimemus,
927 1345 1027 1384 quae
1052 1331 1211 1371 nonnisi
1237 1333 1341 1384 apud
1372 1333 1540 1373 seriores
1566 1335 1700 1388 epicos
1730 1336 1880 1389 reperi—

157 1407 233 1450 tur,
260 1407 390 1441 tamen
417 1399 634 1440 contractio
661 1399 748 1451 ipsa
774 1399 822 1439 ab
847 1399 1094 1439 Anacreonte
1115 1399 1239 1439 aliena
1265 1405 1336 1439 est.
1734 1440 1736 1442 .

265 1468 439 1508 Alterum
466 1473 526 1507 est
550 1479 709 1507 carmen
744 1466 1112 1518 quinquagesimum
1143 1467 1322 1518 quintum
1349 1467 1416 1521 (M.
1429 1466 1485 1515 κς’
1498 1468 1580 1523 -Ι->,
1609 1471 1649 1510 111
1674 1483 1753 1523 quo
1778 1471 1881 1511 sicut

155 1535 245 1588 equi
276 1540 611 1587 agnoscantur-ex
638 1533 760 1585 signis
792 1534 956 1583 inustis,
989 1534 1124 1574 Parthi
1154 1548 1198 1574 ex
1230 1535 1358 1584 tiaris,
1391 1537 1449 1576 sic
1487 1539 1701 1578 amantium
1739 1529 1880 1578 animis

153 1609 273 1643 tenue
299 1603 393 1655 quid
417 1603 655 1655 impressum
673 1614 760 1640 esse
784 1603 992 1654 profitetur
1013 1607 1143 1654 poeta.
1171 1602 1327 1643 Festiva
1351 1617 1446 1644 sane
1467 1606 1659 1646 sententia
1685 1611 1745 1646 est
1764 1592 1891 1658 atque

154 1676 329 1718 venusta,
356 1671 426 1710 sed
450 1683 549 1723 quae
573 1669 786 1721 unicuique
812 1669 938 1718 aetati,
966 1669 1178 1722 unicuique
1199 1669 1356 1721 ingenio
1379 1671 1516 1730 ‘lepido
1542 1673 1712 1713 adscribi
1735 1673 1876 1726 possit.

155 1740 241 1787 Qua
273 1738 390 1778 nobis
421 1737 659 1791 proponitur
693 1738 838 1786 forma,
870 1737 973 1776 hanc
1006 1737 1266 1777 Anacreontis
1299 1750 1386 1778 6556
1417 1752 1498 1779 11011
1531 1751 1653 1792 posse
1677 1741 1760 1793 jam
1775 1740 1878 1781 vidit

157 1807 400 1859 Stephanus,
431 1806 668 1845 Parthorum
696 1805 799 1844 enim
831 1807 979 1844 nome'n
1009 1805 1165 1844 vixdum
1198 1804 1396 1845 historicis
1431 1808 1879 1861 geographicisqueho-·

160 1874 334 1914 minibus
359 1872 658 1922 exaudiebatur,
685 1872 909 1912 Herodotus
937 1872 1041 1911 enim
1074 1872 1149 1921 III,
1182 1869 1237 1911 93
1273 1872 1375 1912 inter
1403 1874 1710 1915 innumerabiles
1742 1880 1877 1927 gentes

152 1942 284 1982 Persis
310 1940 508 1993 subjectas
539 1940 671 1994 seculo
687 1940 776 1994 >fer-e
800 1945 939 1992 postea
963 1939 1130 1979 Parthos
1154 1941 1284 1989 affert3
1310 1942 1511 1992 quomodo
1537 1938 1665 1982 autem
1691 1943 1732 1997 111
1751 1943 1875 1983 canti-

152 2009 281 2050 lenam
302 2008 505 2062 pervenire
539 2012 710 2060 poterat,
742 2020 842 2059 quae
866 2007 968 2046 inter
993 2007 1300 2059 compotandum
1336 2022 1357 2048 a
1381 2009 1519 2060 quovis
1545 2015 1583 2049 et
1614 2015 1819 2050 caneretur
1840 2005 1888 2049 et'

151 2075 459 2129 intelligeretur?
482 2076 626 2116 Persae
646 2080 729 2124 111111
755 2074 985 2114 nominandi
1016 2081 1147 2124 erant,
1182 2087 1264 2114 non
1293 2076 1440 2116 Parthi.
1475 2077 1601 2117 Immo
1634 2090 1792 2118 carmen
1826 2077 1875 2117 ad

151 2145 191 2185 id
219 2144 408 2197 temporis
442 2144 629 2196 pertinet,
668 2155 746 2195 quo
772 2142 1008 2183 Parthorum
1043 2143 1204 2182 nomine
1248 2155 1385 2183 omnes
1411 2144 1527 2184 Asiae
1560 2145 1738 2194 accolae,
1780 2145 1874 2212 quin

151 2212 317 2252 Romani
362 2211 437 2263 ipsi
470 2211 717 2251 tenebantur.
769 2209 925 2262 Optime
961 2209 1076 2250 etiam
1115 2210 1291 2261 vestigia
1308 2211 1454 2251 amoris
1486 2211 1638 2253 animae
1682 2207 1875 2265 impressa

151 2279 397 2321 Platonicum
434 2283 701 2319 commentum
739 2290 780 2317 65
785 2289 827 2316 56
859 2276 953 2316 vidit
981 2277 1189 2317 Jacobsius
1216 2278 1262 2317 cf.
1289 2255 1431 2317 Mehlh.
1451 2278 1567 2320 Anth.
1593 2293 1632 2333 p
1658 2276 1727 2320 88.

235 2346 473 2400 Appendicis
500 2345 589 2385 loco
614 2358 740 2398 pauca
752 2357 986 2386 moneamus
1013 2345 1059 2384 de
1073 2345 1228 2384 duobus
1242 2345 1495 2396 carminibus,
1522 2361 1621 2400 quac
1645 2348 1734 2389 addi
1745 2347 1891 2388 solent'

150 2414 444 2462 AnacreonteiS,
471 2417 694 2465 quanquam
707 2418 838 2452 utrum
850 2412 1107 2452 Anacreontis
1119 2425 1253 2452 annon
1273 2413 1362 2463 sint,
1389 2414 1579 2455 dubitatio
1590 2416 1707 2468 plane
1718 2413 1875 2457 excitari

152 2497 233 2523 non
254 2487 398 2535 potest.
438 2482 484 2521 In
509 2481 629 2521 altero
657 2480 760 2519 enim
787 2480 959 2520 carmine
983 2485 1100 2532 poeta
1126 2493 1168 2519 sc
1199 2480 1486 2521 Anacreontem
1516 2482 1758 2523 imitaturum
1785 2495 1874 2523 6556

151 2551 236 2603 ipse
256 2550 474 2602 profitetur.
498 2603 501 2606 ι
521 2548 741 2599 Utrumque
770 2552 900 2587 autem
932 2559 1091 2587 carmen
1126 2548 1285 2606 nonnisi
1319 2549 1518 2600 pessimus
1550 2550 1707 2591 infimae
1736 2551 1872 2592 aetatis
1902 2551 1905 2554 ⁴

152 2618 279 2657 foetus
305 2622 375 2665 est,
399 2616 439 2655 in
460 2629 576 2668 quem
600 2614 822 2666 diligentius
841 2614 1038 2667 inquirere
1058 2628 1183 2667 paene
1207 2615 1325 2667 piget.
1349 2615 1628 2667 Fragmentum
1653 2618 1871 2661 secundum

152 2681 297 2737 (Mac)
319 2689 526 2723 centonem
553 2695 639 2722 esse
661 2695 704 2722 ex
730 2682 910 2734 pluribus
945 2683 1087 2735 pannis
1114 2688 1349 2731 consutum,
1381 2670 1524 2736 quibus
1550 2684 1647 2737 ipsis
1682 2684 1870 2738 quidquid

151 2751 329 2803 poeticae
354 2750 507 2789 dicendi
531 2750 695 2790 rationis
721 2754 792 2798 est,
815 2749 853 2788 id
875 2763 919 2790 ex
929 2749 1124 2789 veteribus
1137 2750 1277 2802 poetiS,
1303 2749 1487 2800 Pindaro,
1505 2751 1751 2797 Anacreonte
1770 2764 1869 2791 con-

153 2818 397 2870 quisiverunt
419 2823 571 2869 poetae,
595 2830 637 2856 ex
659 2822 888 2868 argumento
915 2816 1002 2868 ipso
1025 2822 1140 2868 atque
1164 2822 1291 2863 metro
1319 2823 1493 2870 apparet.
1540 2818 1740 2871 Principio
1766 2832 1868 2871 quo-

80 2930 83 2932 ,
152 2886 224 2925 1165
252 2885 423 2937 Chrysus
445 2885 576 2937 ipsum
607 2883 750 2934 fugiat,
781 2886 973 2923 sese'non
1006 2883 1191 2936 persequi
1217 2885 1425 2935 profitetur
1452 2881 1592 2937 poeta,
1625 2886 1772 2939 quippe
1802 2887 1870 2939 qui

153 2952 279 2992 oderit
297 2952 405 2992 illum
428 2964 544 3005 quam
570 2951 748 3000 maxime,
775 2957 914 2991 actum
940 2951 1096 2990 demum
1124 2951 1322 2991 amatoriis
1345 2952 1584 2992 carminibus
1609 2966 1746 2994 vacare
1770 2964 1867 3008 pos·
1902 2971 1908 2978 ·

153 3020 224 3067 sit;
259 3020 292 3060 51
322 3032 412 3062 vero
448 3019 653 3071 superbire
681 3019 854 3071 coeperit
884 3019 1062 3065 animus,
1099 3018 1227 3057 statim
1264 3019 1457 3072 accedere·
1483 3019 1674 3073 Chrysum
1710 3021 1891 3076 vimque*
