1910 3268
934 142 988 185 15

99 271 190 312 velit
203 276 552 325 pocta‚enarratur
563 267 617 309 17
628 266 714 322 (γ’),
738 264 889 321 18(δ’).
904 267 1097 317 ⁸Alterum
1110 279 1234 320 genus
1243 267 1360 308 latius
1377 267 1494 307 etiam
1504 272 1632 320 patet:
1659 279 1821 308 caussae

99 337 318 393 afferuntur
345 350 464 390 saepe
495 337 695 390 quaesitae
726 349 798 376 cur
826 341 966 389 potare
998 335 1135 385 liceat3
1169 348 1249 388 quo
1276 337 1366 388 jure
1390 334 1572 375 furebant
1593 332 1835 384 Alcmaeon‚'

98 406 301 455 nerones,
322 406 495 455 Orestes,
517 405 658 445 eodem
674 411 815 458 poetae
832 404 962 443 furere
983 403 1117 443 licebit
1140 400 1193 443 31
1210 398 1284 455 (η’)
1311 400 1368 448 13
1380 398 1493 455 (ια’);
1519 415 1611 443 cum
1635 403 1676 443 in
1690 415 1822 444 rerum

98 479 239 515 natura
262 473 403 514 omnia
418 473 578 522 bibant,
609 485 632 512 a
655 472 829 512 bibendo
861 484 944 512 non
973 471 1201 511 retinendus
1227 476 1288 511 est
1311 476 1428 524 poeta
1454 467 1509 511 19
1532 467 1657 523 (κα’);
1693 471 1823 511 calore

98 541 260 591 amoris,
279 554 362 581 non
382 541 457 590 alia
473 540 626 580 ratione
643 539 813 591 mitigari
830 543 963 592 potest
977 538 1053 579 nisi
1076 538 1264 588 bibendo,
1313 539 1404 578 Non
1420 538 1621 578 invidetur
1633 539 1822 591 tyrannis,

97 608 345 650 non'aurum
361 608 572 660 expetitur,
607 607 698 660 quia
731 612 859 646 morte
892 606 1066 659 tyrannis
1101 612 1138 646 et
1162 619 1302 646 aurum
1327 606 1580 656 auferuntur3
1616 619 1704 646 cras
1729 594 1823 659 quid

98 677 168 717 fiat
198 676 310 726 latet,
350 687 444 726 ergo
477 674 692 714 hodiernus
728 674 812 714 dies
846 674 1044 713 curandus
1078 679 1138 713 est
1168 670 1223 713 41
1251 669 1363 726 (λς’),
1396 670 1453 715 24
1477 670 1597 726 (λη’),
1629 672 1685 716 23
1709 670 1822 727 (λό’).

98 744 262 785 Inutiles
285 748 380 783 sunt
403 755 542 791 curae,
579 753 680 795 quae
704 741 871 799 mortuis
895 740 1112 789 habentur,
1147 741 1294 793 quippe
1324 741 1391 794 qui
1421 741 1519 781 nihil
1544 742 1741 791 sentiant3
1774 742 1842 782 ad·

98 811 208 852 vivos
241 804 472 851 deferendae
505 821 678 849 coronae
710 814 828 861 atque
861 813 1061 860 unguenta
1083 806 1113 848 4
1137 804 1207 860 (λ’)
1232 806 1288 850 25
1313 805 1429 861 (μγ’).
1454 806 1512 849 36
1536 805 1623 862 (ν’).
1671 810 1825 850 ⁴Nonne

21 877 31 885 “
99 879 198 920 haec
219 877 414 919 sentiendi
440 877 540 917 ratio
565 877 682 930 plane
704 877 892 917 abhorret
913 875 964 916 ab
988 875 1073 925 illa,
1095 889 1223 928 *quam
1255 876 1296 916 in
1321 876 1548 928 fragmentis
1572 876 1826 917 invenimus?

98 947 180 988 illic
202 946 308 987 enim
331 945 471 985 mortis
495 951 625 993 metus
649 944 690 984 in
724 944 831 984 senis
856 944 989 984 animo
1021 956 1180 996 semper
1202 949 1381 984 versatur
1404 956 1575 997 eumque
1597 945 1648 984 ad
1673 945 1823 997 ejulan-

100 1015 197 1056 dum
220 1013 372 1062 excitat,
396 1004 462 1052 hic
485 1025 595 1052 mors
620 1012 736 1065 plane
758 1025 843 1052 non
867 1016 1040 1060 curatur,
1065 1011 1162 1064 quin
1186 1012 1327 1052 mortis
1344 1012 1535 1067 memoria
1561 1012 1611 1052 ad
1627 1025 1824 1053 summam

98 1082 334 1123 hilaritatem
368 1080 523 1120 animos
557 1080 708 1120 excitat.
768 1079 900 1120 Facile
933 1079 1079 1119 senties
1112 1079 1175 1119 illa
1205 1079 1322 1120 verba
1348 1092 1394 1120 ex
1416 1079 1556 1119 intimo
1581 1080 1825 1125 senescentis

100 1155 243 1204 poetae
275 1153 438 1201 pectore
471 1148 647 1200 prosecta
684 1160 796 1196 esse,
830 1147 930 1187 haec
962 1147 1064 1186 inter
1089 1147 1432 1188 commissationes
1467 1160 1513 1187 ex
1536 1160 1616 1195 *ore
1634 1147 1826 1200 juvenum
1897 1156 1903 1162 '

101 1216 315 1259 temulento
333 1215 535 1256 excidisse.
584 1204 745 1267 Singula
772 1214 947 1255 carmina
965 1203 1259 1268 perscrutantes
1286 1214 1379 1268 quid
1403 1214 1569 1267 quaesiti
1594 1214 1700 1264 insit,
1725 1228 1826 1268 quae

104 1290 210 1327 certa
234 1279 395 1325 serioris
420 1283 557 1324 aetatis
580 1283 741 1335 vestigia
766 1288 994 1336 appareant,
1020 1282 1253 1322 videbimus.

450 1543 521 1587 Qua
538 1543 682 1576 dialecto
700 1552 782 1575 usus
799 1542 845 1574 sit
862 1541 1047 1581 Anacreon,
1068 1524 1158 1585 'quae
1175 1542 1219 1575 sit
1237 1542 1375 1575 dialecti
1390 1543 1477 1576 ratio
1504 1577 1510 1582 ,

814 1599 846 1631 in
866 1598 1116 1631 Anacreonteis.

216 1693 504 1733 Anacreontem
528 1691 661 1730 Ionica
696 1690 861 1730 dialecto
896 1689 1105 1742 scripsisse
1133 1690 1216 1742 jam
1242 1701 1287 1729 ex
1312 1702 1359 1729 eo
1384 1690 1592 1730 verisimile
1617 1697 1688 1739 est,
1723 1692 1830 1744 quod

105 1761 148 1801 in
170 1759 304 1800 Ionica
338 1758 436 1799 urbe
462 1758 533 1798 Tei
557 1764 673 1798 natus
708 1758 748 1797 in
783 1757 928 1797 lonicis
959 1756 1125 1797 urbibus
1162 1757 1288 1806 Sami,
1320 1757 1503 1807 Athenis,
1545 1757 1724 1798 Abderae
1759 1772 1831 1811 per

104 1833 228 1869 totam
261 1828 341 1867 fere
373 1826 492 1867 vitam
517 1831 785 1866 commoratus
820 1830 892 1866 est.
962 1825 1100 1877 Neque
1133 1824 1278 1865 desunt
1309 1824 1621 1883 luculentissima
1657 1832 1830 1867 veterum

105 1894 352 1945 toetimonia3
386 1894 530 1934 dicitur
552 1893 657 1933 enim
681 1906 745 1946 ap.
770 1893 903 1946 Antip.
928 1892 1066 1933 Sidon.
1091 1893 1210 1933 Anth.
1236 1893 1319 1933 Pal.
1341 1892 1420 1942 vll,
1446 1891 1514 1935 27.
1541 1886 1661 1947 εὖχος
1676 1891 1831 1935 Ιῶνων.

105 1963 308 2016 chrysost.
328 1961 456 2003 0r.11.
470 1975 511 2015 p.
524 1958 592 2002 31.
602 1957 680 2001 94:
705 1956 727 2001 ὅ
743 1956 890 2000 Ἰώνων
908 1958 1080 2012 ποιητὴς
1092 1957 1331 2014 Ἀνακρέων.
1350 1961 1501 2002 Polluc.
1516 1962 1738 2018 Quom-111,
1760 1950 1832 2003 98.1

97 2029 328 2082 Ἀνακρέων
337 2026 456 2070 -Ἴων
474 2029 542 2070 καὶ
562 2026 730 2082 ποιητὴς
751 2024 866 2081 ἀνήρ.
888 2029 1102 2070 Grammat.
1121 2028 1240 2082 Leyd.
1266 2042 1329 2082 ap.
1350 2029 1462 2081 Greg.
1479 2029 1569 2070 Cor.
1582 2030 1658 2070 ·ed.
1675 2030 1830 2070 Schael'.

105 2112 147 2152 p.
170 2095 268 2140 629.
294 2095 481 2151 κέχρηται
501 2095 546 2138 δὲ
572 2094 675 2151 αὐτῇ
703 2093 806 2137 Ἰάδι
835 2093 1172 2151 διαλέκτῳ-καὶ
1191 2094 1432 2150 Ἀνακρέων.
1453 2097 1552 2138 Max.
1578 2098 1670 2150 Ty'r.
1695 2097 1831 2138 XXXI.

106 2154 146 2219 ρ.
157 2162 243 2207 218
253 2166 314 2206 ed.
326 2165 444 2206 min.:
470 2163 537 2205 καὶ
550 2161 1027 2218 Ἀνακρέων-κεράσας
1047 2167 1098 2219 τῇ
1117 2164 1325 2217 τυραννίδι
1343 2188 1401 2194 —
1420 2163 1488 2205 καὶ
1510 2160 1623 2221 ᾠδήν
1637 2161 1832 2218 Ἰωνικήν.

107 2234 183 2274 Ubi
206 2234 357 2274 formae
389 2233 579 2286 quaedam
607 2233 764 2273 Ionicae
787 2234 1061 2285 proferuntur,
1087 2245 1206 2284 saepe
1229 2233 1437 2283 Anacreon
1462 2233 1572 2273 testis
1596 2235 1759 2274 affertur
1782 2233 1831 2273 cf.

109 2302 271 2354 Gregor.
295 2300 388 2358 sior.
413 2314 453 2353 p.
478 2297 574 2345 397.
600 2300 741 2341 Athen.
761 2301 832 2349 XI,
858 2296 955 2341 229.
1004 2300 1108 2348 Quin
1133 2300 1239 2353 quod
1264 2300 1406 2340 Samiis
1430 2301 1639 2354 proprium
1664 2308 1765 2350 erat,
1790 2307 1835 2340 ut

107 2383 148 2409 εο
165 2369 207 2409 in
224 2383 267 2408 w
286 2369 578 2417 contraherent,
604 2368 641 2408 id
661 2368 764 2420 apud
778 2367 1067 2408 Anacreontem
1084 2368 1280 2420 reperitur
1297 2368 1345 2407 cs.
1356 2365 1525 2420 Etymol.
1540 2369 1591 2408 M.
1603 2382 1643 2422 p.
1655 2365 1752 2410 259.
1764 2365 1833 2409 28.

27 2433 30 2437 ’
107 2436 249 2488 Bergk.
273 2436 346 2476 An.
371 2450 411 2489 p.
436 2433 505 2476 64.
531 2436 577 2475 fr.
604 2436 652 2484 ΙΙ,
679 2432 746 2474 11.
770 2458 827 2464 —
860 2435 937 2475 Sed
961 2436 1059 2475 haec
1083 2435 1221 2475 omnia
1240 2435 1282 2474 in
1304 2435 1533 2475 universum
1558 2436 1661 2476 dicta
1686 2442 1833 2476 certam

108 2503 319 2557 quamdam
342 2503 517 2554 regulam
542 2503 582 2543 in
604 2503 863 2556 dijudicandis
888 2501 1169 2542 Anacreonteis
1194 2514 1275 2541 non
1299 2502 1512 2555 praebent3
1544 2504 1593 2543 ad
1618 2504 1834 2556 fragmenta

108 2571 195 2624 ipsa
225 2570 470 2610 redeundum
502 2577 562 2610 cst
595 2575 718 2622 eaqu'e
749 2583 867 2623 quam
892 2569 1190 2621 diligentissime
1214 2571 1491 2621 percrutanda.
1551 2571 1702 2623 Magnis
1728 2571 1833 2611 enim

108 2638 282 2678 tenebris
317 2637 574 2677 dialectorum
609 2637 787 2677 doctrina
821 2637 950 2676 adhuc
982 2637 1155 2676 involuta
1186 2642 1247 2676 est
1276 2650 1404 2690 neque
1435 2638 1506 2678 alia
1539 2639 1653 2693 intre
1684 2638 1835 2678 facilius

109 2705 298 2746 erraveris
328 2710 396 2745 aut
426 2705 546 2745 nimia
571 2703 793 2756 regularum
819 2704 1065 2757 quarundam
1090 2704 1211 2744 semel
1236 2705 1533 2757 propositarum
1555 2706 1744 2758 religione
1768 2711 1836 2745 aut

107 2772 168 2814 vel
191 2772 310 2812 nimis
334 2772 542 2824 negligenti
568 2772 825 2811 dialectorum
851 2771 1099 2811 confusione.
1169 2771 1334 2812 Maxima
1360 2772 1465 2812 enim
1490 2773 1531 2813 in
1555 2774 1642 2813 istis
1662 2773 1834 2825 scripto-

108 2839 239 2889 ribus,
260 2840 328 2893 qui
348 2839 482 2880 Ionica
503 2840 667 2880 dialecto
688 2839 914 2891 utebantur,
935 2838 1102 2878 varietas
1122 2844 1193 2887 est,
1216 2852 1316 2891 quae
1339 2846 1406 2879 aut
1426 2852 1471 2880 ex
1490 2841 1644 2882 dialecti
1670 2840 1837 2892 specie

109 2913 179 2948 aut
210 2919 255 2947 ex
288 2912 469 2956 aetate,
512 2920 587 2960 qua
622 2906 850 2947 scribebant
880 2912 949 2946 aut
969 2919 1022 2945 ‚ex
1057 2905 1307 2947 scribendi
1348 2919 1523 2958 genere
1557 2907 1835 2961 proficiscitur.

110 2974 226 3015 lones
250 2974 353 3015 enini
380 2988 460 3015 non
479 2975 620 3026 cadom
647 2974 761 3026 plane
794 2973 958 3013 dialecto
980 2973 1037 3013 uti
1062 2973 1131 3013 sed
1158 2973 1197 3013 in
1223 2979 1393 3026 quatuor
1416 2976 1582 3015 maxime
1607 2980 1738 3026 partes
1764 2986 1835 3026 pro
