1910 3268
961 151 1017 194 48

126 282 185 323 ΕΙ.
202 281 231 331 1,
254 282 329 322 in.:
351 281 482 330 „faces
493 278 679 332 jacularis
696 277 871 325 ocelliS‚“
894 278 1086 318 decantat.
1127 279 1172 318 In
1189 278 1564 319 universumeadem
1577 278 1675 326 huic·
1687 270 1851 320 carmini

125 352 242 402 atque
262 348 391 402 primo
413 347 551 387 subest
570 345 784 385 sententia:
825 358 925 398 quae
960 346 1064 385 enim
1098 346 1198 386 ratio
1221 346 1324 385 inter
1343 359 1414 386 sua
1440 347 1613 387 carmina
1633 352 1672 387 et
1691 347 1849 387 heroica

125 408 342 456 intercedat
360 414 582 465 significare
602 412 683 452 vult
701 418 832 465 poeta.
879 413 955 452 Sed
980 413 1166 453 hocloco
1188 412 1415 465 exquisitius
1436 414 1529 466 quid
1553 415 1676 455 inest:
1707 420 1746 456 et
1764 415 1850 468 ipse

125 496 168 524 se
193 484 351 537 epicum
384 494 543 521 carmen
570 493 742 533 pangere
771 480 899 532 fingit,
938 480 978 520 in
1009 494 1087 533 quo
1115 492 1308 533 quaeres
1339 481 1617 527 describuntur
1639 483 1689 523 ad
1717 482 1849 535 ipsum

124 551 358 603 pertineant.
419 549 544 590 Simili
573 547 726 588 ratione
758 547 868 588 Asin.
900 548 1018 587 Corn.
1050 548 1182 588 Gallus
1215 548 1276 589 El.
1308 549 1338 598 I,
1373 545 1446 590 82:
1487 550 1609 602 „quid
1637 549 1734 590 mihi
1758 562 1849 590 cum

122 617 258 658 hello?
276 641 334 646 -
353 629 435 656 non
465 616 559 656 alias
591 627 744 673 pugnas
775 615 859 655 aliis
890 628 1113 668 pugnemus
1147 615 1187 655 in
1211 616 1374 656 armis“.
1408 617 1681 659 Grammaticis
1711 617 1849 658 formis

124 698 206 725 non
228 682 477 733 offendimur,
503 696 596 723 nam
621 695 672 722 ne
693 687 894 723 contracta
915 682 1072 735 quidem
1102 683 1228 723 forma
1253 679 1424 732 ἁλώσεις
1452 684 1500 724 ab
1522 697 1598 724 usu
1622 684 1849 725 Anacreon-

123 758 187 792 teo
208 752 467 805 abjudicanda
489 757 570 800 est,
612 763 702 790 cum
724 751 770 790 fr.
795 750 838 792 C.
859 751 1046 803 praebeat
1067 750 1327 799 λυδοπαθεῖς.
1375 752 1539 791 Dimetri
1563 752 1722 793 iambici
1738 758 1850 799 ‚cata—

121 819 249 859 lectici
272 819 420 872 optime
439 820 581 859 fluunt.
637 820 747 868 Quae
780 831 870 858 cum
895 818 947 858 ita
969 818 1065 867 sint,
1107 824 1318 872 utrumque
1342 820 1499 871 quidem
1521 832 1679 859 carmen
1704 825 1743 859 et
1765 820 1848 872 pri-

121 900 231 933 mum
263 892 302 927 et
329 892 481 928 sextum
512 886 708 926 decimum
743 885 791 925 ad
820 898 945 926 unum
979 887 1225 939 eundemque
1255 888 1390 927 referri
1421 895 1542 941 posse
1580 896 1738 939 poetam
1767 900 1850 927 non

81 988 85 992 .
120 960 216 1007 puto
237 960 401 1007 propter
419 954 702 995 sententiarum
724 953 1016 994 similitudinem
1030 986 1039 1002 ‚
1064 966 1287 1006 quanquam
1309 955 1522 995 admodum
1544 954 1701 1007 antiqua
1723 959 1847 995 aetate

122 1022 343 1075 composita
368 1022 558 1062 videntur.

935 1150 980 1205 5.v
995 1148 1035 1193 2.
1056 1156 1060 1159 -

810 1252 962 1285 Carmina
988 1253 1161 1285 amatoria.

231 1361 397 1414 Duobus
419 1360 501 1416 illis}
522 1360 763 1410 carminibus
784 1360 935 1401 inducti
957 1360 1041 1413 jam
1068 1360 1117 1400 ad
1138 1359 1273 1400 intima
1294 1358 1441 1413 'poetae
1476 1361 1588 1414 adyta
1614 1361 1850 1411 accedimus,
1894 1371 1898 1376 ·

119 1430 168 1470 ad
201 1443 247 1470 ea
277 1429 470 1479 carmina,
521 1429 562 1469 in
592 1428 736 1482 quibus
772 1440 952 1469 amorum
989 1433 1026 1468 et
1056 1428 1163 1468 calor
1188 1432 1225 1467 et
1248 1428 1458 1471 multitudo
1487 1434 1525 1468 et
1549 1428 1705 1469 dolores
1732 1429 1849 1469 nobis

118 1502 412 1550 proponuntur.
455 1497 634 1537 Primum
657 1495 772 1537 nohis
795 1494 974 1535 occurrit
994 1508 1153 1536 carmen
1174 1495 1243 1535 XX
1264 1495 1333 1547 (M.
1356 1491 1438 1545 κβ)
1451 1528 1461 1543 ,
1495 1496 1601 1548 quod
1621 1496 1851 1537 inscribitur

117 1565 172 1613 εἷς
192 1562 329 1617 κόρην.
369 1562 420 1604 Ut
447 1564 574 1608 varias
605 1564 819 1608 induerunt
842 1555 1037 1603 interdum
1071 1563 1252 1603 homines
1278 1563 1446 1611 formas,
1479 1551 1728 1607 utNiobe'in
1748 1563 1848 1617 lapi—

117 1634 206 1673 dem
226 1638 375 1673 mutata
410 1637 490 1682 est,
529 1631 743 1672 Pandionis
773 1630 851 1671 filia
885 1631 925 1670 in
946 1631 1219 1679 hirundinem,
1262 1631 1320 1670 sic
1344 1636 1461 1683 poeta
1482 1644 1524 1670 se
1543 1631 1687 1671 mutari
1707 1631 1791 1671 vult
1807 1631 1848 1671 in

117 1701 343 1754 speculum,
365 1705 536 1749 vestem,
559 1712 723 1752 aquam,
749 1699 973 1751 myrrhum‚
1011 1698 1202 1747 taeniam,
1233 1699 1504 1750 margaritam,
1536 1703 1581 1738 ut
1600 1698 1778 1751 proxime
1797 1697 1846 1738 ab
1889 1705 1897 1712 ⁴

117 1774 245 1809 amata
266 1768 394 1820 puella
415 1767 529 1808 absit.
570 1767 615 1807 In
639 1767 867 1807 universum
895 1771 1073 1818 optatum
1099 1766 1194 1805 illud
1215 1779 1309 1805 sane
1330 1767 1528 1818 poeticum
1551 1771 1610 1805 est
1630 1778 1758 1818 neque
1783 1765 1846 1806 in—

116 1836 303 1875 usitatum
325 1841 364 1875 et
387 1836 491 1888 apud
511 1840 659 1875 veteres
680 1839 817 1886 poetas
844 1839 881 1873 et
906 1833 1010 1886 apud
1031 1832 1282 1872 recentiores.
1306 1828 1312 1834 '
1541 1839 1544 1842 ⁴

229 1914 316 1954 Huc
340 1914 510 1967 pertinet
534 1920 572 1954 et
592 1913 745 1953 scolion
766 1912 859 1952 illud
881 1912 975 1952 satis
995 1911 1217 1965 antiquum:

278 1980 280 1983 ’
587 1979 673 2021 εἴθε
699 1976 802 2033 λύρα
827 1978 927 2031 καλὴ
953 1979 1143 2032 γενοίμην

588 2047 827 2103 ἐλεφαντίνη

383 2152 439 2157 —-
460 2143 493 2168 v.
520 2126 560 2168 5.
582 2124 658 2168 εἴθ’
683 2125 840 2180 ἄπυρον
861 2124 986 2166 καλὸν
1006 2125 1194 2180 γενοίμην

587 2194 691 2250 μέγα
709 2194 879 2248 χρυσίον

587 2262 659 2303 καί
672 2279 722 2314 με
745 2261 848 2315 καλὴ
867 2259 967 2315 γυνὴ
991 2260 1138 2316 φοροίη

584 2329 774 2383 καθαρὸν
799 2328 951 2381 θεμένη
974 2325 1084 2369 νόον.

112 2419 150 2453 et
170 2413 240 2453 tria
264 2411 510 2463 anthologiae
529 2411 728 2451 Palatinae
749 2410 1029 2462 epigrammata
1052 2410 1100 2448 cf.
1121 2409 1165 2448 A.
1191 2408 1235 2448 P.
1260 2408 1300 2447 V.
1324 2423 1363 2461 p.
1387 2406 1480 2449 107.
1510 2403 1644 2449 n.'83:

382 2487 457 2530 εἴθ’
480 2487 629 2540 ἄνεμος
650 2489 839 2543 γενοίμην
859 2485 910 2529 σὺ
935 2486 980 2528 δὲ
1001 2485 1051 2540 δὴ
1073 2486 1286 2539 στείχουσα
1306 2486 1400 2540 παρ’
1424 2485 1553 2540 αὐγὰς

382 2554 540 2609 στήθεα
559 2553 791 2610 γυμνώσαις
813 2556 879 2596 καὶ
900 2570 950 2607 με
975 2555 1147 2595 πνέοντα
1172 2551 1325 2606 λάβοις.

111 2640 149 2667 n.
171 2623 247 2666 84:
382 2622 469 2665 εἴθε
495 2622 620 2679 ῥόδον
638 2621 812 2677 γενόμην
831 2619 1127 2677 ὖποπόρφυρον
1147 2619 1258 2675 ὄφρα
1276 2637 1326 2674 με
1348 2623 1484 2675 χερσὶν

381 2691 590 2753 ἀρσαμιένη
607 2691 760 2746 χαρίσῃ
782 2688 954 2744 στήθεσι
975 2689 1160 2743 χιονέοις.

111 2772 365 2825 Theophanis
394 2773 438 2812 A.
471 2773 515 2812 P.
546 2772 621 2812 XV.
648 2786 687 2824 p.
720 2768 815 2811 613.
849 2784 887 2811 n.
919 2768 992 2819 35,
1053 2771 1157 2823 quod
1192 2783 1286 2820 num
1317 2770 1550 2810 antecedens
1577 2769 1749 2809 imitetur
1769 2776 1836 2811 aut

109 2842 238 2893 ipsum
261 2840 504 2880 antecedenti
530 2839 725 2892 exemplar
745 2833 860 2879 fuerit
878 2850 959 2878 non
979 2838 1119 2890 liquet:

381 2916 466 2958 εἴθε
486 2917 622 2971 κρίνον
643 2914 817 2971 γενόμην
838 2913 1051 2970 ἄργεννάον
1072 2913 1182 2969 ὄφρα
1200 2930 1250 2966 με
1266 2915 1404 2967 χερσὶν

380 2983 589 3039 ἀρσαμένη
613 2986 775 3037 μᾶλλον
802 2987 873 3031 σῦς
893 2986 1060 3036 χροτιῆς
1083 2982 1263 3035 κορέσης.
