1910 3268
920 169 976 210 34

89 303 184 342 bant
208 305 275 341 aut
299 299 455 339 easdem
481 296 695 336 sententias
721 294 880 334 mutatis
906 295 1033 334 verbis
1059 296 1328 348 exprimebant
1360 302 1427 338 aut
1459 297 1568 337 initia
1594 298 1652 338 vel
1676 298 1813 346 exitus,

88 382 189 422 quos
223 365 414 407 memoria
448 363 646 410 tenebant,
681 361 899 402 recitabant
931 362 1043 402 novis
1080 363 1254 415 adjectis.
1322 364 1476 404 Sensim
1503 365 1648 405 sactum
1673 369 1744 414 est,
1771 369 1816 405 ut

89 436 210 477 multa
246 434 384 474 eodem
418 437 598 482 tempore
635 429 809 469 carmina
842 429 883 468 in
907 430 1045 489 populi
1071 443 1139 469 ore
1164 436 1413 471 versarentur
1437 432 1632 473 simillima
1656 431 1814 485 quidem

89 507 334 554 argumento,
370 498 565 538 simillima
599 502 748 546 metro,
782 497 987 537 immutata
1011 502 1142 538 tamen
1167 497 1296 537 verbis
1311 530 1320 548 ,
1355 511 1456 551 quae
1480 512 1501 538 a
1526 491 1817 551 posterioribus

89 572 327 611 reserrentur
351 566 483 605 onmia
508 565 556 605 ad
579 564 880 604 Anacreontem.
942 565 1152 612 Quomodo
1177 565 1295 605 iidem
1321 565 1485 606 carmini
1517 566 1658 606 diversi
1691 566 1814 607 exitus

90 639 396 691 apponerentur,
435 636 598 685 apparet
631 644 676 671 ex
709 645 754 671 eo
791 631 987 680 carmine,
1022 632 1128 684 quod
1163 632 1279 673 nohis
1313 633 1457 673 Gellius
1484 630 1551 682 19,
1576 630 1604 673 9
1637 633 1816 683 servavit,

91 705 202 757 cujus
239 702 362 741 exitus
398 700 438 740 in
474 700 610 739 codice
633 699 810 739 Palatino
846 699 962 752 plane
997 700 1094 740 alius
1130 705 1189 740 est
1222 706 1337 753 atque
1373 701 1477 753 apud
1512 701 1756 754 Stephanum
1779 706 1818 741 et

91 771 271 811 Gellium.
320 769 407 816 Quo
433 767 557 819 magis
582 771 774 820 tempora,
795 767 937 820 quibus
961 767 1059 807 haec
1083 768 1255 808 carmina
1281 768 1556 818 nascebantur,
1583 767 1820 809 recedebant

92 839 139 879 ah
164 835 423 878 Anacreontis
449 840 596 883 aetate,
634 848 680 874 eo
715 835 847 875 minus
873 840 911 874 et
946 835 1100 874 dicendi
1136 835 1236 876 ratio
1260 835 1518 887 Anacreontis
1544 841 1584 875 et
1605 848 1682 885 res,
1719 843 1819 887 quae

92 906 139 946 ad
164 906 294 958 ipsum
320 903 580 956 pertinebant,
606 902 940 955 respiciebantur3
965 902 1061 941 nihil
1080 904 1161 954 jam
1180 902 1372 954 reliquum
1394 908 1476 943 erat
1497 916 1612 955 quam
1633 908 1817 950 metrum,

92 987 170 1025 quo
195 973 280 1025 ipse
305 971 457 1024 primus
483 976 695 1023 pepegerat
719 971 906 1019 carmina,
932 975 971 1010 et
994 969 1209 1010 sententiae
1234 971 1425 1022 quaedam
1451 983 1697 1012 communes.

897 1125 935 1180 ς.
961 1124 1001 1167 2.

313 1219 397 1262 Quid
423 1218 531 1251 critici
555 1217 771 1251 Alexandrini
797 1217 1047 1249 elaboraverint
1071 1217 1104 1250 iu
1129 1216 1346 1250 Anacreontis
1372 1216 1586 1251 carminibus.

208 1301 305 1340 Cum
348 1299 446 1338 flore
492 1298 579 1350 ipso
621 1298 836 1337 litterarum
872 1297 1109 1337 Graecarum
1154 1304 1411 1338 evanescente
1455 1304 1499 1338 ut
1542 1311 1587 1339 ex
1628 1293 1821 1339 immensa

93 1369 332 1420 scriptorum
358 1366 472 1418 copia
498 1365 833 1418 praeclarissimos
859 1377 1037 1416 quosque
1061 1364 1258 1416 eligerent,
1284 1365 1324 1405 in
1349 1366 1492 1418 quihus
1518 1366 1820 1419 interpretandis

94 1442 209 1489 atque
228 1435 276 1475 ab
301 1433 408 1474 omni
430 1434 572 1489 menda
597 1433 835 1484 castigandis
866 1432 1039 1472 studium
1064 1438 1278 1484 poneretur
1303 1439 1443 1482 totum,
1469 1439 1693 1486 spectarent
1717 1433 1822 1474 docti

92 1503 274 1544 homines
299 1501 551 1542 Alexandriae
575 1506 796 1549 versantes,
833 1498 1045 1552 lyricorum
1070 1492 1391 1553 quoque‘novem
1422 1505 1579 1542 'canona
1604 1497 1822 1541 constitue-

93 1576 198 1611 runt.
247 1570 533 1610 Anacreontem
560 1569 600 1608 in
625 1581 715 1607 eum
740 1568 904 1607 relatum
930 1580 1016 1608 esse
1050 1581 1093 1607 ex
1118 1568 1297 1620 pluribus
1322 1569 1419 1608 locis
1445 1574 1609 1621 apparet
1633 1569 1680 1609 cf.
1703 1568 1822 1608 Anth.

94 1639 176 1679 Pal.
213 1638 276 1687 lX,
303 1651 342 1689 p.
368 1634 436 1677 62.
465 1649 505 1676 n.
534 1632 617 1675 184
652 1648 713 1688 ep.
751 1636 828 1676 inc.
864 1640 989 1684 auct,
1027 1635 1095 1675 ubi
1129 1632 1300 1689 γράμμα
1333 1634 1364 1674 τ’
1396 1634 1695 1688 Ἀνακρειόντος
1727 1641 1824 1689 post

94 1706 332 1759 Pindarum,
365 1703 660 1756 Bacchylidem,
699 1704 861 1756 Sappho
898 1708 987 1743 ante
1012 1703 1307 1752 Stesichorum,
1343 1704 1610 1752 Simonidem,
1645 1703 1820 1756 Ibycum,

95 1774 291 1820 Alcaeum,
316 1772 543 1811 Alcmanem
568 1771 795 1811 nominatur
819 1771 920 1810 inter
944 1784 1033 1811 eos:

1181 1835 1313 1891 πάσης

483 1905 609 1959 ἀρχὴν
634 1905 677 1945 οἳ
697 1908 862 1957 λυρικῆς
887 1906 951 1946 καὶ
979 1907 1103 1959 πέρας
1127 1903 1342 1948 §andnam

96 1990 180 2030 Alio
206 1989 295 2028 loco
322 1987 439 2026 Anth.
465 1987 546 2027 Pal.
574 1987 637 2036 IX,
665 2000 704 2038 p.
723 1980 820 2028 203.
847 1999 886 2026 n.
907 1983 1003 2037 571,
1028 1986 1102 2026 ubi.
1120 1999 1261 2026 novem
1285 1986 1394 2039 lyrici
1418 1986 1690 2035 nominantur,
1718 1987 1825 2027 Ana—

97 2055 269 2097 creontis
304 2067 462 2107 quoquc
502 2054 650 2094 mentio
692 2055 755 2094 fit:
803 2052 936 2093 πειθὼ
962 2052 1230 2106 Ἀνακρείοντι
1274 2053 1506 2094 συνέσπετο.
1575 2054 1668 2094 Sine
1704 2053 1825 2094 dubio

98 2124 266 2176 genuina
292 2123 549 2162 Anacreontis
576 2122 762 2171 carmina,
798 2134 898 2174 quae
921 2121 1030 2161 libris
1055 2121 1238 2174 scriptis,
1275 2134 1356 2162 non
1382 2127 1499 2162 cantu
1525 2121 1654 2162 solum
1674 2127 1823 2174 propa-—

98 2197 185 2243 gata
210 2196 332 2238 erant,
359 2190 407 2230 ab
426 2189 694 2230 Alexandrinis
719 2189 1000 2230 tractabantur.
1049 2189 1097 2228 Hi
1115 2202 1272 2242 quoque
1295 2190 1413 2242 primi
1437 2189 1610 2230 carmina
1635 2189 1673 2229 in
1698 2188 1822 2229 libros

98 2258 346 2299 distribuisse
379 2257 576 2306 videntur,
613 2267 781 2309 quorum
817 2257 989 2309 quinque
1023 2263 1386 2298 commemorantur
1421 2271 1442 2297 a
1467 2257 1679 2309 Crinagora
1703 2256 1749 2296 A.
1776 2256 1822 2296 P.

98 2328 144 2375 11,
180 2339 219 2378 p.
246 2322 314 2365 81.
349 2338 389 2364 n.
417 2321 514 2365 239.
564 2326 611 2364 cf.
638 2324 768 2377 Antip.
796 2325 932 2364 Sidon.
967 2324 1011 2364 A.
1037 2325 1081 2364 P.
1107 2325 1187 2365 Vll.
1214 2338 1254 2378 Ρ.
1279 2322 1376 2366 212.
1402 2338 1441 2365 n.
1468 2321 1546 2365 26:
1589 2322 1633 2363 ἐκ
1655 2323 1824 2375 βίβλων.

100 2395 238 2435 Athen.
264 2393 340 2441 XV,
366 2389 471 2432 671:
506 2391 547 2430 ἓν
571 2393 629 2445 τῷ
653 2391 828 2445 δευτέρῳ
864 2394 945 2432 τῶν
977 2393 1124 2441 μελῶν.
1181 2393 1309 2445 Etym.
1337 2393 1386 2432 M.
1412 2405 1448 2432 v.
1474 2393 1631 2442 μῦθοςε
1666 2390 1708 2431 ἓν
1734 2389 1826 2431 δευ-

99 2460 203 2515 τέρῳ
228 2462 310 2499 τῶν
334 2460 482 2510 μελιῦν.
517 2460 700 2499 Ammon.
728 2460 787 2499 ed.
812 2459 942 2499 Valck.
980 2473 1020 2512 Ρ.
1045 2457 1122 2500 42:
1158 2459 1199 2499 ἓν
1236 2459 1409 2514 δευτέρῳ
1445 2461 1492 2499 cf.
1517 2459 1658 2511 Bergk.
1685 2458 1758 2500 An.
1783 2472 1824 2511 p.

100 2525 196 2568 165.
223 2524 319 2568 181.
380 2528 438 2567 Ne
474 2527 790 2579 antiquissimum
825 2527 1366 2579 quidemAlexandrinorum
1404 2526 1630 2567 criticorum
1667 2526 1825 2566 Zeno-

100 2597 275 2635 dotum
309 2594 526 2647 Ephesium
560 2595 609 2634 ab
645 2595 890 2634 Anacreonte
925 2594 1192 2644 abhorruisse,
1226 2599 1334 2647 patet
1367 2607 1412 2634 ex
1447 2594 1579 2634 Schol.
1614 2591 1727 2634 Pina.
1755 2593 1824 2633 01.

99 2664 164 2712 111,
191 2660 258 2703 52.
286 2664 334 2702 cf.
361 2663 487 2713 Bergk
507 2663 579 2702 An.
606 2676 646 2714 Ρ.
673 2659 741 2702 25.
790 2662 1064 2702 Aristarchum
1088 2662 1128 2701 in
1153 2662 1446 2715 interpretando
1466 2662 1716 2703 'Anacreonte
1738 2672 1826 2700 ver-

100 2735 229 2771 satum
253 2730 373 2769 fuisse
398 2742 443 2768 ex
467 2730 667 2769 Athenaeo
692 2730 773 2779 XlI,
798 2743 836 2781 p.
862 2727 943 2769 671
980 2734 1227 2782 compertum
1259 2729 1474 2778 habemus,
1519 2728 1585 2781 qui
1610 2727 1827 2780 praecessit

100 2811 191 2837 eum
215 2797 515 2848 Aristophanes,
542 2797 649 2836 hunc
668 2797 757 2848 jure
782 2810 940 2849 quoque
974 2797 1076 2836 inter
1099 2797 1357 2837 Anacreontis
1385 2796 1541 2835 criticos
1565 2794 1826 2842 retulerimus,

101 2865 220 2904 modo
246 2869 350 2903 recte
375 2863 677 2916 Hephaestionis
703 2864 835 2903 locum
861 2877 900 2916 p.
928 2861 1011 2904 134
1035 2865 1095 2904 ed.
1123 2864 1169 2904 G.
1202 2863 1511 2916 perspiciamus:
1547 2863 1612 2902 καὶ
1646 2858 1826 2912 μάλιστα

102 2929 247 2972 εἴωθεν
272 2929 504 2985 ἄστε’ρισκος
530 2930 726 2971 τίθεσθαι
751 2929 819 2970 ἐὰν
852 2927 1112 2985 ἕτερόμετρον
1135 2924 1161 2985 ᾗ
1186 2929 1230 2970 τὸ
1258 2924 1373 2982 ἆσμα
1396 2929 1443 2970 τὸ
1467 2926 1556 2983 ἑξῆς
1582 2925 1604 2970 ὃ
1629 2929 1696 2968 καὶ
1719 2929 1828 2978 μᾶλ-

102 3001 170 3040 λον
203 2998 265 3039 ἐπὶ
300 3002 380 3038 τῶν
419 2994 656 3051 ποιημάτων
691 3000 772 3038 τῶν
794 3001 1127 3052 μονοστροφικῶν
1161 2997 1308 3051 γίνεται
1335 2997 1533 3051 Σαπφοῦς
1556 3010 1596 3036 τε
1623 2995 1688 3036 καὶ
1707 2994 1828 3036 Ἀνα-
