1910 3268
878 130 1003 185 Δ14

111 262 235 316 qualis
257 261 417 313 lingitur
438 257 492 300 14
515 256 590 312 (β’)
623 270 697 298 uos
727 256 943 310 potentiam
964 256 1034 297 Dei
1066 257 1233 297 revereri
1261 257 1370 306 facit,
1401 259 1533 299 statim
1554 259 1657 300 enim
1677 266 1836 313 poetam

111 330 228 371 deum
256 329 369 382 quasi
400 327 626 381 ludibrium
642 325 718 365 sibi
748 324 906 364 finxisse
936 330 1111 376 apparet.
1172 324 1276 364 Num
1303 325 1344 364 in
1369 325 1549 377 plurimis
1576 327 1638 368 his
1658 327 1756 368 locis
1777 326 1837 368 vel

111 398 234 438 ullum
255 401 396 449 poetae
418 395 542 447 ipsius
561 392 767 444 vestigium
788 391 902 441 inest,
933 404 1030 431 num
1052 404 1186 431 amore
1206 392 1433 444 perculsum
1447 394 1627 435 animum
1646 395 1835 448 produnt,

111 465 178 517 qui
198 462 294 504 nihil
318 463 422 503 aliud
444 461 600 512 cogitat,
633 459 729 500 nihil
750 458 869 499 sentit
888 459 963 499 nisi
978 458 1191 499 amorem?
1249 459 1389 500 Omnia
1410 460 1462 500 ita
1484 467 1710 514 comparata
1731 468 1836 511 sunt,

110 538 154 572 ut
174 531 359 571 omnibus
379 527 644 581 temporibus,
678 527 862 569 omnihus
881 526 999 576 locis,
1024 527 1208 568 omnibus
1227 527 1381 577 animis,
1402 528 1468 580 qui
1489 528 1586 568 nihil
1606 529 1839 585 curantrnisi

90 587 96 642 J
110 591 155 640 ut
174 599 416 638 delectentur
445 594 712 647 voluptatibus
740 599 1004 635 consentanea
1026 595 1116 645 sint,
1144 595 1264 635 modo
1288 594 1528 635 Graecorum
1548 586 1704 638 festivas
1725 609 1837 637 com-

110 665 373 712 missationes,
396 663 539 716 quihus
559 662 707 702 amicae
724 662 949 711 intererant,
975 663 1242 704 recordemur.
1287 663 1414 716 Atque
1431 663 1650 704 rectissime
1667 660 1839 718 ἐρωτικά

110 734 172 773 illa
194 732 379 780 carmina,
401 743 501 784 quae
517 729 767 783 reperiuntur
782 730 884 770 inter
893 728 1175 780 Anacreontea‚
1194 732 1485 782 συμποσιακῶν
1501 731 1612 772 titulo
1631 732 1838 772 continen-

111 807 175 841 tur
195 800 341 853 quippe
362 811 462 851 quae
482 811 503 838 a
527 797 621 837 certi
643 797 847 851 cujusdam
867 803 1008 850 poetae
1034 798 1191 850 ingenio
1212 799 1328 852 plane
1347 799 1472 840 aliena
1496 799 1697 840 communi
1716 799 1838 841 soda-
1894 828 1898 831 ψ

111 868 206 908 lium
233 865 428 907 festivitati
454 865 689 915 inserviant3
730 871 867 922 contra
897 862 1069 918 ἐρωτικά
1105 867 1168 907 illa
1201 867 1418 918 fragmenta
1455 866 1504 906 ad
1529 871 1688 919 poetam
1714 879 1839 908 unum

100 935 310 988 pertinent
329 947 350 974 a
372 933 716 986 convivalibusque
737 939 830 974 sunt
849 934 965 986 plane
985 934 1243 987 disjungenda
1264 934 1519 975 carminibus.
1538 957 1595 962 -—

208 1003 254 1043 In
275 1002 305 1042 P
317 1015 339 1042 a
351 1011 405 1041 r·o
419 1013 441 1040 e
451 1001 555 1041 niis
568 998 735 1054 >quidem
747 1000 915 1050 difficile,
937 1002 1140 1054 propriam
1151 1001 1409 1042 Anacreontis
1423 1001 1619 1055 poeticam
1634 990 1840 1053 rationem,

62 1107 65 1110 Α
112 1070 258 1124 quibus
290 1070 330 1109 in
361 1068 480 1108 rebus
511 1069 727 1120 fragmenta
759 1067 808 1108 ab
827 1068 1110 1108 Anacreonteis
1132 1068 1314 1109 differant
1331 1069 1580 1119 discreveris,
1612 1082 1703 1110 cum
1723 1082 1841 1122 argu-

112 1144 290 1179 mentum
320 1137 400 1177 fere
429 1136 470 1175 in
501 1135 703 1176 sodalibus
725 1135 957 1186 excitandis,
987 1135 1078 1175 vino
1108 1137 1272 1189 ersque
1298 1137 1449 1177 cultore
1468 1136 1624 1177 Baccho
1645 1137 1842 1178 laudando

112 1211 308 1254 versetur3
338 1203 592 1244 nihilominus
613 1216 710 1244 num
728 1204 888 1256 vestigia
906 1203 1099 1257 quaedam
1118 1204 1191 1243 etsi
1209 1203 1378 1245 obseura
1396 1210 1613 1258 appareant
1626 1205 1841 1246 videamus,

111 1273 169 1313 Ad
199 1272 353 1312 initium
381 1271 713 1311 commissationis
743 1271 924 1324 spectant
943 1271 989 1311 fr.
1011 1270 1092 1312 XL.
1113 1270 1212 1312 LXI.
1239 1270 1356 1322 LXII,
1388 1272 1532 1326 quibus
1559 1284 1660 1325 puer
1686 1285 1842 1326 aquam,

112 1341 265 1388 vinum,
298 1352 466 1379 coronas
498 1344 709 1391 apportare
735 1338 919 1392 jubetur3
956 1339 997 1379 in
1028 1339 1203 1379 seeundo
1235 1339 1366 1380 statim
1397 1339 1650 1392 agnoscimus
1683 1345 1841 1393 poetam

90 1408 160 1455 ,ab
193 1406 451 1454 immoderata
489 1406 700 1459 cupiditate
736 1411 852 1459 atque
881 1406 1045 1455 'lascivia
1075 1402 1371 1457 abhorrentem,
1411 1420 1502 1448 nam
1535 1419 1586 1447 ne
1617 1407 1843 1459 Scythicum

114 1476 328 1515 clamorem
352 1474 507 1523 tollant,
539 1478 686 1523 monet,
717 1474 850 1527 potius
879 1473 1040 1527 pulcros
1069 1474 1239 1526 hymnos
1269 1474 1372 1514 inter
1400 1474 1615 1515 hibendum
1643 1474 1843 1514 canendos

116 1556 203 1583 csse
225 1542 331 1582 dicit.
382 1542 524 1582 Nonne
545 1540 714 1594 eundem
734 1553 777 1581 se
795 1541 928 1594 prodit
948 1546 1065 1594 atque
1085 1532 1130 1581 l‘r.
1154 1541 1330 1591 CXXXV,
1352 1542 1420 1582 ubi
1435 1541 1633 1595 justitiam
1647 1542 1688 1581 in
1710 1554 1845 1582 amore

114 1616 306 1651 servatam
332 1609 515 1662 pulcrum
544 1607 637 1661 quid
666 1621 753 1649 esse
778 1608 1018 1661 profitetur?
1036 1632 1093 1638 --
1123 1610 1249 1663 Atque
1269 1610 1394 1650 velin
1415 1609 1587 1662 optando
1608 1609 1774 1649 modum
1794 1621 1845 1649 ne

113 1678 272 1719 excedat
291 1682 463 1726 veretur,
494 1689 615 1729 quare
642 1688 724 1715 non
753 1688 878 1717 cornu
898 1677 1160 1735 ‚Amaltheum,
1189 1690 1270 1717 non
1290 1677 1548 1728 Arganthonii
1567 1682 1734 1717 aetatem
1753 1689 1843 1728 reg-

113 1758 287 1799 numque
308 1744 543 1784 Tartissium
563 1743 706 1796 expetit
725 1743 772 1784 fr.
791 1742 889 1783 VIII.
929 1743 1073 1784 Procul
1093 1744 1213 1784 dubio
1235 1745 1284 1784 ad
1303 1744 1665 1784 commissationem
1685 1744 1843 1786 institu-

113 1814 254 1854 endam
276 1812 416 1852 cxcitat
433 1817 562 1864 poeta,
586 1809 676 1851 cu'm
696 1810 867 1851 hiemem
886 1800 1101 1852 irruentem
1121 1801 1317 1852 describat
1339 1811 1477 1852 snVIl.
1517 1811 1607 1852 Jam
1627 1811 1847 1852 celebratur

83 1891 85 1893 ’
113 1871 294 1921 Bacchus
306 1879 523 1933 ἐρίβρομος
539 1880 585 1919 fr.
598 1879 681 1919 XIV
697 1884 764 1918 aut
782 1874 981 1929 κωμάζων
992 1879 1038 1918 fr.
1050 1879 1160 1929 X1113
1177 1880 1260 1932 jam
1273 1878 1454 1929 cottabus
1466 1879 1683 1920 instituitur
1698 1880 1744 1919 [r.
1755 1879 1844 1930 LII3

113 1944 226 1989 Marti
244 1947 518 2000 relinquuntur
536 1946 636 1987 bella
657 1947 703 1985 fr.
714 1946 884 1997 LXXIV3
905 1946 1093 1999 poculum
1113 1947 1298 1999 prop-inat
1307 1946 1492 1987 Herxioni
1506 1952 1637 1999 poeta.
1675 1947 1754 1988 Cur
1763 1960 1845 1988 non

114 2016 244 2057 evoles
265 2020 426 2069 pectore
446 2019 566 2054 uncto
588 2015 634 2055 fr.
656 2014 720 2063 IX,
741 2013 1008 2066 interrogaris.
1047 2014 1189 2054 Absint
1205 2027 1356 2064 omnes,
1378 2026 1548 2067 quorum
1565 2014 1691 2054 animi·
1713 2015 1844 2056 tristes

114 2089 207 2124 sunt
223 2088 340 2136 atque
358 2082 534 2123 difficiles
549 2081 804 2123 reconciliatu
823 2082 868 2121 fr.
881 2070 1082 2122 LXXVIII.
1120 2082 1170 2122 At
1183 2082 1289 2122 senis
1300 2082 1473 2135 potantis
1494 2081 1623 2134 imago
1637 2081 1755 2123 nobis
1766 2083 1846 2135 fere
1874 2127 1879 2133 ,

115 2153 154 2192 in
186 2151 327 2192 animis
358 2156 551 2199 versatur,
589 2162 679 2190 cum
717 2149 765 2189 de
797 2149 1044 2190 Anacreonte
1074 2150 1293 2198 audiamus.
1364 2149 1530 2190 Nullane
1559 2149 1600 2189 in
1619 2149 1846 2201 fragmentis

114 2219 327 2260 senectutis
347 2218 495 2258 mentio
518 2217 589 2258 fit?
627 2218 731 2258 Sane
750 2229 888 2258 senem
906 2230 949 2257 se
966 2218 1229 2270 proditpoeta
1247 2218 1294 2256 fr.
1312 2216 1412 2259 LXI.
1431 2217 1582 2257 LXXX.
1599 2216 1677 2257 XV.
1678 2217 1846 2268 XXIII.;

115 2287 264 2327 mor-tis·
269 2299 431 2339 quoquo
447 2285 626 2326 meminit
643 2285 713 2324 scd
727 2275 893 2324 horrore
912 2285 1074 2325 affectus
1093 2286 1259 2338 ejulatur
1276 2297 1367 2325 cum
1376 2285 1585 2325 Tartarum
1603 2284 1804 2337 adspiciat,
1826 2298 1847 2325 e

116 2368 192 2407 qua
212 2353 339 2394 redire
359 2365 442 2393 non
462 2353 576 2393 liceat
595 2353 641 2392 fr.
659 2351 772 2401 LXI,
801 2364 884 2392 non
903 2351 1022 2392 alium
1043 2365 1130 2392 esse
1152 2357 1287 2393 censet
1303 2351 1485 2392 laborum
1501 2352 1621 2392 finem
1641 2351 1718 2392 nisi
1737 2364 1847 2396 mors

116 2422 218 2462 absit
237 2422 283 2461 fr.
301 2420 466 2461 XLVIII.
487 2443 544 2449 -—-
569 2419 689 2460 Multo
711 2421 902 2472 majorem
922 2419 1147 2460 varietatem
1166 2419 1340 2459 invenies
1361 2419 1399 2459 in
1417 2419 1699 2460 Anacreonteis
1719 2420 1848 2474 majo-

115 2499 277 2542 remque
307 2493 449 2538 artem,
482 2500 582 2541 quae
602 2500 624 2528 a
644 2486 892 2540 simplicitate
910 2487 1168 2528 Anacreontis
1189 2499 1307 2539 saepe
1327 2486 1474 2527 abhori
1476 2492 1549 2543 eat.
1608 2487 1695 2528 Duo
1717 2492 1848 2528 autem

118 2569 258 2608 genera
280 2556 562 2610 paroeniorum
583 2560 678 2595 sunt
697 2555 985 2607 distinguenda,
1008 2567 1177 2607 quorum
1197 2554 1393 2594 alterum
1384 2567 1424 2602 in
1445 2553 1714 2612 describendis
1735 2566 1846 2595 com-

118 2623 415 2664 missationibus
446 2623 573 2675 iisque
599 2622 719 2663 rebus
747 2635 847 2675 quae
866 2623 945 2662 huc
965 2622 1163 2674 pertinent
1181 2627 1375 2671 versatur,
1409 2622 1530 2663 altero
1558 2622 1607 2662 ad
1631 2606 1848 2662 hibenduin

119 2691 239 2747 animi
268 2691 496 2731 excitantur.
546 2691 674 2730 Priori
703 2690 837 2741 generi
868 2695 962 2730 sunt
986 2690 1281 2730 annumeranda
1310 2689 1375 2729 illa
1406 2688 1673 2738 carmina,i11
1703 2688 1848 2742 quibus

117 2744 297 2799 Bacchus
318 2758 561 2798 descendens
582 2758 631 2797 ad
650 2757 857 2797 hominum
878 2757 1218 2797 commissationes
1238 2754 1292 2796 41
1313 2753 1418 2810 (λς’),
1441 2754 1496 2797 27
1513 2752 1627 2809 (μζ),
1652 2753 1709 2798 26
1732 2752 1848 2810 (μς’),

118 2824 171 2866 51
200 2822 290 2879 (νέ)
315 2822 344 2865 6
369 2821 468 2879 <γα’)
504 2822 723 2864 celebratur
747 2830 817 2864 aut
839 2825 1031 2864 vindemia
1057 2824 1294 2864 describitur
1327 2821 1383 2865 52
1410 2820 1506 2877 (vry‘)
1544 2829 1732 2868 aut'rosa
1759 2836 1848 2864 cum

120 2893 441 2934 commissatione
466 2892 789 2945 conjunctissima
809 2892 1059 2944 praedicatur
1083 2888 1110 2931 5
1134 2887 1256 2944 (μβ),
1282 2888 1337 2931 53
1361 2886 1455 2944 (νγ’)
1482 2896 1550 2931 aut
1574 2903 1690 2931 senex
1715 2882 1847 2932 ebrius

122 2975 213 3001 cum
238 2961 371 3001 Sileno
398 2966 650 3013 comparatur
674 2956 729 2999 38
756 2954 869 3009 (με’),
897 2964 963 2998 aut
988 2959 1193 3011 poculum,
1226 2959 1430 3011 quomodo
1463 2958 1511 2998 ab
1537 2958 1685 2998 artifice
1710 2958 1850 2998 caelari
