1910 3268
106 310 175 348 sed
200 323 244 350 ex
270 310 495 362 anthologia
520 311 707 363 quadam,
745 324 845 363 quae
869 311 918 352 ab
943 312 1191 353 Anacreonte
1215 312 1304 364 ipso
1330 311 1589 365 abjudicanda
1614 325 1695 352 non
1719 310 1827 350 vidc-

106 374 232 426 antur,
252 391 352 430 quae
364 377 576 431 prioribus,
594 390 695 429 quae
714 378 1002 431 posterioribus
1022 378 1284 419 imitatoribus
1302 379 1530 428 debeantur,
1544 379 1828 419 discernamus.

216 444 325 484 Alius
359 445 475 497 plane
493 445 872 486 Anacreonticorum
905 452 1112 499 poetarum
1148 447 1390 487 collectionis
1425 459 1515 487 cum
1543 447 1626 500 jam
1651 460 1673 488 a
1696 446 1831 487 Leone

104 510 243 551 Allatio
269 512 401 551 Schol.
428 513 476 552 ad
499 512 641 551 Eusth.
667 513 850 554 Antioch.
877 527 916 567 p.
937 511 1034 556 285.
1077 515 1231 556 Fabric.
1258 514 1342 555 Vol.
1366 514 1449 563 XII,
1475 528 1516 566 p.
1540 511 1610 555 22.
1636 513 1697 553 ed.
1721 512 1828 553 Harl.

68 572 70 575 ’
104 590 196 630 spes
222 580 414 630 quaedam
439 579 602 620 excitata
629 586 754 630 esset,
791 586 873 621 tum
899 582 1046 622 nostris
1071 582 1317 635 temporibus
1347 582 1388 621 in
1413 580 1622 634 Spicilegio
1647 581 1828 620 Romano

104 650 130 684 t.
154 645 213 685 lv.
236 660 257 686 a
277 647 395 686 Petro
416 647 617 699 Matranga
638 647 965 689 Graeco-Siculo
991 655 1030 689 et
1054 650 1201 690 codicis
1233 655 1395 699 natura,
1427 648 1468 688 in
1497 662 1576 701 quo
1605 648 1674 689 illa
1692 647 1827 701 perhi-

101 712 266 762 bentur,
303 714 524 754 accuratius
550 715 748 768 descripta
772 722 832 756 est
856 723 894 757 et
916 717 1032 757 index
1055 717 1258 758 titulorum
1283 730 1362 758 una
1388 730 1477 757 cum
1502 716 1636 768 viginti
1671 714 1828 756 duobus

102 781 316 833 Sophronii
342 781 486 822 odariis
513 782 721 824 exhibitus.
772 784 927 824 Codicis
950 785 1206 835 membranei,
1232 785 1299 838 qui
1325 785 1366 825 in
1385 783 1664 825 Barberiniana
1682 782 1827 822 biblio—

102 849 215 889 theca
249 849 397 889 Romae
435 856 669 900 asservatur,
704 857 835 904 partes
872 852 971 893 duae
1005 858 1120 902 sunt;
1166 866 1210 893 ex
1244 852 1346 893 foliis
1380 852 1484 892 enim
1521 848 1601 894 121
1635 856 1826 903 quatuor-

102 916 229 955 decim
266 917 546 968 quaterniones
570 918 595 958 i.
623 931 657 958 e.
690 916 770 959 111
803 919 917 969 folia,
955 933 1045 960 cum
1071 920 1219 960 codicis
1245 921 1353 960 frons
1379 919 1502 968 desit,
1537 918 1827 971 elegantissime

102 984 236 1024 seculo
263 985 384 1023 ferme
405 985 506 1026 ΧΙΙΙ.
531 991 684 1026 exarata
706 993 821 1036 sunt,
866 988 933 1040 qui
957 988 1135 1040 sequitur
1155 987 1493 1040 quintusdecimus
1519 986 1723 1039 quaternio
1749 998 1826 1026 una

104 1064 194 1090 cum
221 1051 377 1091 duobus
403 1052 505 1092 foliis
543 1053 705 1106 adjectis
731 1055 865 1094 seculo
892 1055 1014 1095 ferme
1038 1055 1116 1095 XV.
1142 1068 1187 1095 ex
1211 1055 1424 1107 archetypo
1451 1054 1672 1107 descriptus
1697 1059 1758 1094 est
1786 1054 1826 1094 in

100 1119 259 1158 rudiore
294 1119 547 1170 membrana,
586 1121 738 1161 diverso
770 1127 988 1162 atramento
1024 1122 1265 1175 diversisque
1295 1122 1447 1162 litteris.
1507 1122 1672 1163 Maxima
1696 1126 1824 1163 autem

101 1187 249 1227 codicis
274 1200 367 1239 pars
392 1188 509 1240 periit
528 1202 598 1228 seu
621 1194 845 1241 temporum
881 1189 1042 1242 injuria,
1078 1203 1149 1230 seu
1173 1195 1218 1229 ut
1241 1202 1382 1230 manus
1417 1189 1578 1242 antiqua
1611 1189 1652 1230 in
1687 1190 1826 1230 eodem

100 1255 236 1294 codice
261 1254 426 1303 notavit,
462 1269 483 1295 a
508 1255 668 1308 reliquis
694 1257 873 1309 partibus
898 1258 1015 1310 huJ'us
1042 1258 1349 1297 Anacreonticae
1374 1256 1622 1308 anthologiae
1647 1263 1827 1310 separata

99 1336 120 1361 a
147 1334 381 1375 possessore
405 1324 627 1364 verecundo
652 1325 777 1376 magis
803 1338 920 1378 quam
946 1325 1161 1378 philologo.
1222 1325 1352 1373 Quare
1378 1337 1467 1364 cum
1504 1337 1549 1364 ex
1582 1325 1629 1365 iis
1654 1337 1824 1378 quoque,

99 1402 198 1441 quae
223 1395 374 1430 servata
399 1396 493 1430 sunt
515 1391 556 1430 in
582 1391 731 1442 codice,
757 1393 997 1433 carminibus
1016 1393 1176 1433 nonnisi
1194 1392 1409 1445 sophronii
1435 1393 1533 1433 odae
1558 1393 1705 1445 publici
1724 1393 1825 1446 juris

97 1458 221 1497 sactae
254 1457 355 1507 sint,
394 1458 531 1498 exinde
556 1459 649 1512 quid
685 1460 733 1500 ad
758 1460 1120 1501 Anacreonteorum
1145 1460 1350 1501 historiam
1375 1461 1571 1510 conferat,
1608 1460 1822 1501 videamus.

97 1525 197 1565 Ante
223 1525 356 1565 omnia
380 1538 475 1566 num
499 1539 590 1566 vere
613 1526 900 1568 Anacreontica
936 1529 1163 1580 anthologia
1198 1528 1275 1568 dici
1309 1528 1438 1581 possit
1470 1528 1569 1569 haec
1603 1527 1823 1568 carminum

98 1592 299 1642 collectio,
345 1598 427 1633 tum
462 1588 511 1633 ad
554 1607 767 1646 quamnam
803 1601 970 1635 aetatem
1006 1597 1249 1649 pertineant,
1286 1595 1353 1648 qui
1387 1595 1644 1636 nominentur
1668 1601 1822 1648 poetae,

95 1665 298 1713 postremo
334 1673 434 1714 quae
468 1667 699 1713 argumenta
736 1663 954 1703 carminum
999 1664 1300 1717 perhibeantur,
1337 1663 1430 1717 quid
1455 1676 1501 1703 ex
1525 1663 1822 1716 comparatione

95 1741 185 1768 cum
211 1729 515 1778 Anacreonteis,
552 1730 592 1769 in
629 1728 772 1782 quibus
798 1735 879 1771 tota
913 1730 1127 1785 disputatio
1160 1736 1362 1780 versatur,
1399 1730 1577 1772 instituta
1609 1730 1820 1779 lucremur,

93 1796 353 1848 spectandum
379 1802 451 1837 est.
963 1807 967 1812 ·

209 1865 324 1912 Quod
350 1864 397 1905 ad
416 1864 584 1917 primam
604 1865 876 1917 quaestionem
890 1866 1046 1916 attinet,
1073 1865 1289 1920 Sophronii
1307 1861 1568 1920 ἆνακρεόντια
1585 1866 1820 1919 inscriptum

92 1937 153 1971 est
187 1931 259 1971 toti
292 1931 431 1980 indici,
470 1937 552 1972 tum
587 1932 756 1973 duorum
794 1934 877 1991 ejus
914 1935 1133 1975 carminum
1159 1934 1279 1974 titulis
1303 1933 1562 1987 praeponitur
1594 1930 1822 1993 rodatico&

93 1995 380 2052 ἀνακρεόντιον
404 1996 511 2039 καιὰ
539 1997 751 2052 στοίχους,
787 2015 863 2054 qua
889 2015 1030 2043 caussa
1053 2001 1203 2051 nescio,
1226 2014 1316 2041 cum
1342 2007 1381 2042 et
1404 2007 1532 2042 cetera
1557 1996 1820 2054 ἄνακρεόντια

90 2066 171 2106 sint
198 2072 237 2106 et
269 2063 373 2105 κατὰ
402 2065 588 2118 στοίχους
622 2069 864 2121 composita3
911 2070 1018 2122 quod
1051 2069 1231 2122 sequitur
1255 2068 1471 2121 Sophronii
1499 2068 1686 2110 monachi
1721 2069 1817 2110 oda-

89 2134 205 2183 rium,
231 2146 313 2174 non
338 2134 566 2175 inscribitur
600 2132 884 2188 ἀνακρεόνῑιον
917 2138 987 2178 sed
1016 2142 1076 2177 est
1107 2149 1264 2185 revera3
1305 2137 1388 2189 jam
1424 2136 1653 2178 nominatur
1686 2136 1820 2177 Heliae
1847 2156 1853 2160 -

90 2202 257 2255 Syncelli
284 2199 568 2255 ἀνακρεόντιον
593 2200 910 2252 κατανυκτικόν,
948 2210 1030 2245 tum
1057 2205 1131 2244 τοῦ
1155 2202 1283 2244 αὐτοῦ
1302 2199 1573 2256 θρηνητικόνς
1618 2203 1818 2246 Michaelis

89 2269 256 2322 Syncelli
281 2275 319 2310 et
343 2269 481 2321 Ignatii
509 2271 642 2311 odaria
668 2284 763 2311 num
789 2268 1050 2326 ἀνακρεόντια
1074 2271 1164 2321 sint,
1191 2284 1273 2312 non
1293 2272 1536 2325 adscriptum
1562 2276 1645 2324 est3
1671 2270 1815 2311 nihilo-

86 2337 218 2377 minus
244 2344 283 2377 et
306 2337 408 2377 inter
431 2338 559 2378 media
584 2340 837 2380 anacreontia
862 2340 1140 2392 proferuntur,
1177 2344 1216 2379 et
1241 2352 1286 2379 ex
1308 2340 1446 2392 paucis
1470 2338 1649 2379 versibus
1685 2352 1707 2380 a
1731 2339 1815 2380 Ma-

87 2411 225 2457 tranga
259 2404 440 2446 exhibitis
477 2411 641 2459 apparet
673 2406 960 2446 Anacreontica
1004 2419 1105 2447 esse.
1173 2407 1319 2447 Iterum
1362 2401 1646 2460 ἄνακρεόντιον
1687 2421 1817 2446 κατα-

86 2468 274 2512 νυκτικόν
299 2473 489 2525 sequitur.
549 2474 718 2514 Arethae
743 2474 1031 2526 archiepiscopi
1056 2479 1225 2527 quatuor
1250 2473 1384 2515 odaria
1417 2487 1514 2514 num
1549 2469 1814 2527 ἀνακρεόντια

86 2540 176 2589 sint,
203 2553 285 2579 non
309 2540 451 2592 liquet,
487 2540 744 2582 nihilominus
779 2541 811 2581 si
848 2541 980 2581 titulos
1002 2547 1228 2594 spectamus
1253 2547 1298 2581 ut
1323 2539 1378 2589 εἷς
1400 2539 1452 2582 τὰ
1476 2542 1663 2589 Λέοντος
1685 2543 1815 2595 βρου-

83 2603 234 2660 μάλια,
266 2607 588 2647 verisimillimum
615 2614 687 2649 est.
746 2609 888 2649 Leonti
912 2609 1100 2660 magistro
1126 2608 1423 2651 adscribuntur:
1459 2605 1818 2661 ἔπιτύμβιονᾶνα-

84 2671 310 2728 κρεόντιον,
348 2677 421 2714 τοῦ
445 2673 573 2715 αὐτοῦ
599 2672 904 2729 οἷνιικρεόντιον,
940 2679 1014 2716 τοῦ
1039 2674 1164 2717 ἀὐτοῦ
1190 2674 1496 2729 ἅνακρεόντιονς
1526 2677 1610 2730 jam
1633 2677 1812 2729 sequenti

85 2742 221 2783 odario
258 2742 314 2789 εἷς
347 2740 420 2783 τὸν
452 2739 585 2795 γάμον
620 2746 691 2783 τοῦ
727 2740 1030 2796 αὐτοκράτορος
1052 2743 1239 2791 Λέοντος
1271 2743 1367 2784 nihil
1392 2744 1583 2793 additum,
1620 2743 1690 2783 sed
1715 2756 1813 2784 ana-

84 2810 305 2850 creontium
331 2823 418 2850 esse
443 2816 608 2863 apparet
632 2824 676 2851 ex
701 2811 980 2864 sequentibus:
1017 2809 1156 2864 ἕτερον
1180 2808 1466 2863 ἄνακρεόντιον
1489 2813 1564 2851 τοῦ
1589 2808 1729 2860 αὐτοῦ,
1754 2832 1809 2839 -

82 2875 215 2931 ἕτερον
251 2874 536 2931 ἀνακρεόντιον
569 2881 643 2918 τοῦ
677 2875 826 2928 αὐτοῦ,
861 2880 935 2918 τοῦ
970 2877 1113 2920 αὐτοῦ.
1182 2879 1347 2919 Joannis
1391 2877 1633 2931 grammatici
1671 2878 1812 2919 Gazaei

82 2959 181 2998 quae
207 2946 462 2986 nominantur
486 2942 806 2999 ἒπιβατήριο
821 2959 864 2995 ς,
898 2948 971 2986 τοῦ
1002 2943 1132 2987 αὐτοῦ
1157 2942 1314 2998 λόγος
1339 2946 1394 2993 εἷς
1417 2943 1490 2986 τὸν
1513 2968 1570 2975 ———
1594 2944 1809 2998 Ζαχαρίαν

81 3011 154 3052 τὸν
179 3010 478 3065 ἀσκαλωνίτην·
525 3011 602 3065 ἔχει
637 3011 683 3052 δέ
715 3028 834 3053 τινα
861 3013 927 3053 καὶ
954 3013 1007 3062 εἷς
1032 3011 1103 3054 τὸν
1125 3037 1181 3043 —-
1206 3013 1421 3067 Ζαχαρίαν
1445 3011 1515 3054 τὸν
1538 3013 1704 3067 γαζαῖον
1730 3029 1812 3053 πα-
