1910 3268
732 718 928 781 LIBER
962 716 1224 781 PluMUS.

234 846 308 893 DE
333 844 711 893 ANACREONTE
736 841 1284 897 ANACREONTEISQUE
1311 840 1647 887 CARMlNlBUS
1672 839 1726 886 IN

615 938 723 987 UNI
728 940 875 987 VERS
884 939 972 987 UM
997 937 1361 986 DISPUTATUR.

867 1173 1013 1230 Gap.
1047 1176 1100 1219 Ι.

145 1259 210 1305 De
241 1258 523 1305 Anacreontis
561 1256 799 1303 carminum
824 1256 1306 1318 Anacreonteorumque
1343 1255 1511 1301 interna
1548 1252 1814 1299 condicione.

932 1365 971 1420 ξ.
1003 1365 1041 1406 1.

394 1447 486 1491 Quae
512 1446 688 1490 scripsisse
714 1446 846 1479 dicatur
863 1445 1048 1484 Anacreon,
1075 1455 1159 1488 quae
1185 1456 1322 1489 poeseos
1341 1456 1464 1488 genera
1482 1456 1578 1489 repe-

762 1503 894 1534 riantur
909 1502 941 1534 in
960 1501 1211 1535 Anacreonteis.

235 1596 336 1636 Ante
357 1593 489 1634 omnia
518 1598 692 1633 veterum
723 1592 962 1645 scriptorum
992 1592 1215 1632 testimonia
1246 1592 1424 1632 adeunda
1453 1592 1645 1640 videntur,
1668 1603 1688 1631 e
1709 1590 1852 1644 quihus

123 1662 218 1716 quid
237 1661 439 1715 scripserit
457 1665 586 1714 poeta,
617 1664 816 1712 appareat.
867 1659 1000 1699 Primo
1022 1659 1110 1699 loco
1132 1659 1249 1700 nohis
1270 1659 1455 1700 afferendi
1486 1665 1580 1700 sunt
1600 1659 1731 1699 Schol.
1753 1658 1851 1698 Plat.

122 1729 290 1771 Phaedr.
318 1742 359 1782 p.
386 1726 482 1770 312.
515 1728 575 1768 ed.
606 1727 780 1767 Bekker:
821 1727 886 1766 καὶ
933 1718 1054 1773 οὗτος
1084 1725 1325 1779 (Anacreon)
1365 1724 1567 1781 λυρικὸς
1606 1722 1776 1779 ποιητής
1816 1731 1854 1765 et

123 1797 233 1838 Suid.
254 1810 288 1837 s.
313 1810 349 1837 v.
376 1791 853 1850 Ἀνακρέων-λυρικός.
875 1808 908 1835 s.
937 1808 973 1835 v.
997 1793 1103 1835 Τέω.
1123 1792 1545 1849 Ανακρέων-λυρικὸς
1574 1791 1595 1834 ὃ
1625 1789 1853 1846 μελοποιός.

123 1865 223 1906 Cum
253 1864 357 1905 enim
387 1864 465 1903 duo
500 1863 667 1904 maxime
689 1862 826 1903 Graeci
855 1875 1024 1915 poeseos
1046 1875 1188 1914 genera
1216 1875 1302 1902 esse
1324 1863 1543 1913 statuerint,
1566 1858 1855 1915 διηγηματικόν

122 1938 163 1973 et
191 1926 445 1986 δραματικόν
479 1928 530 1972 O
561 1930 726 1983 lyricum
760 1929 1063 1983 subjungeretur
1097 1928 1398 1984 διηγηματικῷ,
1431 1930 1527 1970 nihil
1557 1931 1598 1971 in
1628 1931 1853 1970 universum

123 1999 202 2039 hoc
231 1999 403 2052 epitheto
435 1998 680 2050 significatur
709 2010 827 2050 quam
864 1997 973 2038 alteri
1011 2010 1181 2050 poeseos
1212 1998 1345 2050 generi
1386 1998 1556 2038 adscribi
1596 1997 1853 2038 Anacreontis

126 2067 313 2107 carmina.
365 2066 415 2106 At
432 2079 528 2106 num
559 2066 600 2105 in
621 2065 857 2117 Crinagorae
887 2065 1007 2118 epigr.
1033 2064 1190 2106 Anthol.
1211 2065 1294 2105 Pal.
1315 2066 1380 2106 XI.
1402 2078 1442 2105 n.
1463 2063 1566 2107 239:

327 2130 540 2184 Βύβλων
558 2128 584 2185 ἦ
604 2130 776 2186 γλυκερὴ
795 2133 1014 2186 λυρικῶν
1033 2132 1075 2172 ἐν
1091 2130 1214 2185 τείχεϊ
1227 2131 1330 2187 τῷδε

327 2198 525 2248 Πεντὰς
544 2196 761 2252 ἀμιμήτων
782 2197 876 2254 ἔργα
896 2197 1004 2254 φέρει
1018 2198 1200 2253 χαρίτων

322 2264 394 2316 Ἅς
411 2266 590 2322 πρέσβυς
607 2264 709 2320 ἡδὺς
725 2266 953 2322 Ἀνακρέων
974 2263 994 2307 ὃ
1018 2263 1143 2320 Τήιος

303 2332 535 2390 ”Έγραψεν
565 2332 590 2387 ’ἢ
613 2333 706 2389 παρ’
730 2331 838 2376 οἶνον
857 2333 883 2387 ἢ
906 2333 980 2376 σὺν
1000 2331 1186 2389 Ἵμὲροις.

124 2403 253 2456 lyricis
284 2403 394 2444 libris
422 2404 553 2444 omnia
578 2403 835 2443 Anacreontis
863 2403 1036 2444 carmina
1077 2403 1391 2452 continerentur,
1433 2414 1515 2442 non
1546 2402 1686 2455 injuria
1717 2402 1757 2442 in
1788 2402 1861 2441 du-

126 2470 356 2511 bitationem
375 2471 528 2511 vocavit
550 2470 742 2511 Welcker.
773 2470 890 2511 Cens.
918 2471 1018 2510 Mus.
1038 2470 1112 2511 Rh.
1136 2471 1202 2520 ΙΙΙ,
1226 2469 1264 2521 1,
1285 2485 1326 2524 p.
1349 2467 1444 2511 145.
1471 2471 1519 2510 cs.
1541 2469 1701 2509 Richter
1719 2483 1758 2521 p.
1793 2465 1861 2509 20.

127 2550 227 2590 quae
247 2538 351 2577 enim
373 2538 589 2590 explicandi
619 2551 758 2578 caussa
783 2538 1050 2590 adjunguntur
1069 2536 1207 2579 verba:
1236 2535 1326 2592 παρ’
1351 2533 1459 2577 οἶνον
1483 2534 1509 2588 ἥ
1530 2533 1799 2589 σὺνἾμέροις,
1821 2549 1864 2574 ea

127 2617 209 2645 non
231 2605 425 2658 quadrant
445 2605 520 2645 nisi
549 2606 598 2645 ad
624 2604 813 2660 παροίνια
833 2611 872 2645 et
899 2603 1070 2658 ἐρωτικὰ
1099 2604 1215 2658 μέλη,
1250 2605 1411 2646 minime
1446 2604 1494 2644 ad
1524 2603 1677 2643 iambos
1713 2609 1751 2642 et
1782 2603 1862 2654 epi›

129 2678 358 2724 grammata.
426 2673 541 2725 Atqui
571 2685 620 2711 ne
649 2673 886 2725 hymnorum
923 2672 1080 2725 quidem
1111 2673 1257 2712 mentio
1290 2672 1390 2711 sacta
1422 2676 1481 2711 est
1514 2672 1554 2711 in
1583 2671 1645 2710 his
1679 2670 1857 2710 versibus

130 2752 355 2792 quanquam
374 2739 666 2792 Hephaestione
689 2753 729 2792 p.
761 2736 840 2780 125
863 2740 922 2779 ed.
953 2739 998 2779 G.
1026 2745 1124 2780 teste
1144 2741 1312 2793 hymnus
1337 2739 1398 2778 ille
1431 2739 1471 2778 in
1501 2738 1665 2778 Dianam
1695 2737 1864 2790 primum

104 2826 106 2828 r
130 2807 336 2859 occupavit
361 2807 463 2847 inter
488 2806 661 2846 carmina
686 2806 831 2846 locum.
864 2807 993 2855 Quare
1015 2807 1163 2859 optime
1184 2807 1245 2846 his
1268 2806 1441 2859 quinque
1464 2805 1573 2844 libris
1594 2810 1637 2844 ut
1659 2804 1792 2856 hymni
1814 2804 1866 2842 ita

132 2873 251 2914 iambi
284 2879 322 2913 et
352 2874 631 2927 epigrammata
665 2874 795 2914 inesse
827 2879 1032 2927 poterant,
1061 2887 1161 2927 quae
1182 2887 1272 2914 cum
1297 2873 1535 2926 paucissima
1560 2877 1704 2919 essent,
1730 2882 1866 2910 eorum

133 2953 216 2981 non
241 2941 482 2981 mentionem
519 2941 610 2980 fecit
630 2941 877 2993 Crinagoras.
922 2941 1059 2981 Cicero
1080 2954 1238 2994 quoque
1258 2942 1417 2990 Quacst.
1441 2941 1561 2980 Tusc.
1584 2939 1643 2987 IV,
1666 2935 1733 2977 33.
1763 2938 1866 2976 Ana-

63 3048 66 3051 .
135 3008 306 3049 creontis
324 3009 463 3061 poesin
479 3013 602 3049 totam
619 3008 847 3048 amatoriam
868 3021 955 3048 csse
972 3008 1173 3048 contendit
1195 3021 1274 3048 non
1294 3007 1481 3059 respectis
1500 3007 1664 3046 aliorum
1684 3015 1869 3055 generum
