1910 3268
673 521 870 585 LIBER
901 521 1252 587 SECUNDUS.

184 650 259 697 DE
297 647 661 698 SINGULORUM
698 649 990 697 CARMINUM
1024 647 1564 697 ANACREONTEORUM
1602 647 1754 695 ANTI-

607 739 851 795 QUITATE
886 740 1076 795 ATQUE
1115 739 1333 787 PRETIO.
1647 754 1650 758 ’
1810 732 1813 735 ’

217 864 434 907 Haesitanti
458 863 554 904 mihi
576 864 642 903 diu
663 863 795 904 animo
810 896 819 913 ,
857 877 1069 917 quamnam
1098 865 1291 905 rationem
1321 863 1361 904 in
1386 863 1640 911 recensendis
1668 863 1832 915 singulis

106 934 347 977 carminibus
369 945 574 986 sequerer,
606 945 650 972 ea
683 932 841 972 demum
867 932 963 972 mihi
984 932 1187 985 aptissima
1206 932 1288 973 visa
1310 938 1390 982 est,
1412 937 1457 972 ut
1476 932 1694 972 secundum
1715 945 1833 984 argu-

103 1009 281 1045 mentum
304 1001 476 1042 carmina
508 1001 548 1040 in
580 1005 685 1039 certa
715 1000 906 1052 quaedam
932 1012 1014 1040 non
1036 1013 1200 1052 genera,
1240 1013 1332 1043 nam
1352 1001 1455 1040 idem
1475 1001 1555 1040 fere
1576 1000 1754 1040 omnium
1774 1005 1837 1040 est

105 1085 241 1124 genus,
262 1070 331 1110 sed
352 1068 517 1109 familias
539 1067 828 1108 distribuerem.
866 1068 951 1116 Qua
972 1067 1124 1108 ratione
1144 1073 1182 1107 et
1202 1068 1448 1119 singulorum
1469 1067 1682 1108 similitudo
1707 1066 1833 1119 magis

104 1140 231 1180 elucet
251 1144 289 1179 et
313 1150 413 1190 quae
433 1137 483 1176 ad
507 1135 665 1175 alterius
684 1135 904 1188 exemplum
926 1135 1147 1188 composita
1167 1135 1258 1185 sint,
1280 1128 1391 1175 facile
1412 1132 1647 1175 distinxeris.
1696 1135 1834 1188 Neque

103 1214 235 1248 tamen
254 1205 423 1257 logicam
448 1205 564 1258 plane
593 1203 911 1243 distributionem
931 1203 1108 1256 requires
1128 1203 1169 1242 in
1193 1203 1240 1243 iis
1267 1203 1525 1253 carminibus,
1551 1216 1721 1256 quorum
1741 1214 1834 1242 sen-

102 1274 246 1316 tentiae
270 1272 438 1314 maxime
463 1284 662 1312 connexae
686 1276 791 1320 sunt,
812 1271 852 1311 in
873 1270 1016 1324 quibus
1039 1271 1496 1322 colligendisvconsilium
1517 1271 1667 1312 nullum
1693 1270 1834 1311 obser-

102 1347 234 1383 vatum
255 1341 446 1381 invenies.
504 1340 551 1380 In
580 1339 807 1380 universum
842 1345 972 1379 autem
1008 1339 1143 1379 odoria
1173 1339 1236 1379 illa
1265 1344 1332 1379 aut
1360 1338 1399 1378 in
1432 1339 1665 1379 declarando
1694 1344 1836 1393 poetae

104 1423 224 1450 sensu
246 1409 526 1461 excitandaque
546 1408 770 1448 animorum
790 1407 982 1447 hilaritate
1002 1413 1070 1447 aut
1089 1407 1138 1447 ad
1162 1407 1488 1459 epigrammatum
1518 1412 1699 1447 naturam
1721 1419 1832 1447 com-

101 1478 231 1531 posita
256 1478 297 1517 in
322 1476 579 1517 describenda
604 1475 772 1527 imagine
793 1475 961 1527 quadam
987 1488 1105 1528 parva
1131 1474 1287 1527 quidem
1313 1475 1382 1515 sed
1411 1473 1591 1515 absoluta
1614 1479 1832 1515 versantur.

102 1546 188 1586 Hoc
220 1545 431 1585 discrimen
462 1543 585 1584 sensit
615 1543 908 1596 quodammodo
945 1543 1108 1584 Graeter
1135 1543 1305 1596 Specim.
1336 1543 1478 1583 Anacr.
1511 1543 1581 1595 lyr.
1607 1542 1843 1594 redintegr.,.

103 1626 193 1653 cum
212 1613 251 1652 in
270 1617 422 1665 quarto,
449 1611 555 1664 quod
573 1611 675 1660 fecit,
699 1611 917 1651 carminum
938 1623 1079 1662 genere
1101 1610 1290 1664 opposuit
1307 1610 1479 1651 carmina
1499 1611 1695 1662 pessimae
1717 1614 1835 1650 notae

102 1681 149 1720 iis
176 1679 435 1728 carminibus,
472 1692 571 1732 quae
606 1679 771 1731 pictoria
806 1678 929 1730 magis
961 1691 1078 1731 quam
1112 1678 1230 1731 lyrica
1271 1678 1426 1718 dixeris.
1489 1679 1599 1718 Sicut
1637 1677 1677 1717 in
1701 1677 1834 1730 priore

103 1761 244 1799 genere
271 1752 338 1787 aut
364 1761 464 1799 quae
492 1747 654 1786 omnino
684 1746 877 1786 sentiendi
904 1746 1003 1786 ratio
1033 1747 1083 1786 sit
1104 1752 1245 1799 poetae
1264 1747 1484 1787 declaratur
1501 1751 1568 1787 aut
1591 1746 1640 1786 ad
1665 1757 1832 1798 compo-

102 1816 264 1855 tandum
293 1815 502 1864 excitatur,
530 1815 635 1866 quod
659 1814 735 1854 vita
760 1814 888 1853 brevis
915 1814 966 1853 sit
988 1826 1116 1866 neque
1149 1820 1286 1866 postea
1312 1815 1435 1855 simus
1466 1814 1541 1854 nisi
1562 1813 1688 1866 pulvis
1718 1818 1835 1866 atque

103 1883 214 1932 cinis,
237 1888 304 1922 aut
323 1882 364 1922 in
384 1887 586 1921 senectute
603 1887 743 1934 poetae
763 1881 946 1921 carminis
968 1895 1123 1922 summa
1147 1888 1322 1923 versatur
1342 1888 1409 1922 aut
1429 1887 1566 1922 natura
1590 1882 1676 1934 ipsa
1700 1893 1833 1920 rerum

101 1951 161 1990 vel
185 1950 326 1990 sabulis
362 1955 569 1989 excusatur
603 1950 713 1988 furor
745 1949 982 1999 Bacchicus,
1024 1950 1081 1990 sic
1113 1950 1153 1990 in
1188 1950 1362 1990 secundo
1397 1955 1465 1989 aut
1495 1950 1605 2002 ipsae
1635 1949 1832 2001 pictorum

101 2017 292 2069 imagines
318 2017 607 2066 describuntur,
635 2017 762 2056 autin
782 2017 915 2066 rebus,
948 2030 1047 2069 quae
1067 2018 1196 2070 poetis
1222 2018 1465 2069 gratissimae
1490 2022 1594 2066 sunt,
1629 2016 1831 2063 celebran7

103 2085 162 2125 dis
198 2090 468 2125 commoratur
499 2091 636 2138 poeta,
664 2090 730 2124 aut
760 2097 822 2124 res
858 2086 999 2134 factas,
1027 2098 1127 2138 quae
1157 2085 1325 2138 lepidam
1361 2085 1557 2138 quandam
1597 2083 1832 2124 sententiam

105 2152 328 2200 continent,
355 2153 543 2205 proponit
567 2152 825 2192 auditoribus.

860 2374 1006 2433 cap.
1032 2377 1086 2421 Ι.

105 2458 305 2504 Carmina
331 2474 441 2521 quae
473 2459 515 2505 in
548 2457 804 2505 declarando
838 2465 992 2521 poetae
1026 2474 1158 2505 sensu
1191 2465 1318 2522 atque
1345 2456 1565 2504 excitanda
1591 2458 1831 2504 animorum

721 2537 934 2584 hilaritate
973 2544 1211 2584 versantur.

916 2659 954 2714 ς.
988 2658 1026 2701 1.

362 2761 515 2794 Carmina
533 2771 617 2804 quae
637 2761 668 2793 in
687 2762 880 2794 universum
898 2766 1015 2805 poetae
1034 2761 1199 2794 sentiendi
1218 2761 1379 2794 rationem
1396 2761 1580 2793 declarant.

215 2853 260 2893 In
286 2853 471 2901 carmine,
498 2852 603 2904 quod
629 2865 651 2891 a
673 2852 873 2904 Stephano
901 2851 1039 2891 ceteris
1065 2850 1338 2903 praepositum
1358 2858 1438 2901 est,
1471 2849 1538 2903 (M.
1565 2848 1641 2904 κγ’)
1667 2852 1830 2904 profite-

103 2927 166 2960 tur
188 2926 303 2972 poeta
326 2933 368 2959 se
393 2920 691 2959 decantaturum
721 2931 807 2958 esse
831 2919 985 2959 Atridas
1022 2924 1138 2971 atque
1163 2919 1373 2968 Cadmum,
1420 2919 1489 2959 sed
1518 2919 1641 2971 lyram
1665 2919 1830 2960 Amores

102 2993 252 3027 tantum
278 3000 434 3028 sonare.
495 2986 762 3035 Quamobrem
789 2999 878 3025 cum
906 2987 987 3038 jam
1016 2992 1127 3026 antea
1154 2986 1332 3026 Herculis
1364 2986 1519 3026 labores
1553 2986 1830 3026 decantaturus
