<?xml version="1.0" encoding="UTF-8"?>
<!DOCTYPE html PUBLIC "-//W3C//DTD XHTML 1.0 Transitional//EN"
    "http://www.w3.org/TR/xhtml1/DTD/xhtml1-transitional.dtd">
<html xmlns="http://www.w3.org/1999/xhtml" xml:lang="en" lang="en">
 <head>
  <title>
</title>
<meta http-equiv="Content-Type" content="text/html;charset=utf-8" />
  <meta name='ocr-system' content='tesseract 3.04.00' />
  <meta name='ocr-capabilities' content='ocr_page ocr_carea ocr_par ocr_line ocrx_word'/>
</head>
<body>
  <div class='ocr_page' id='page_1' title='image "./quaestionumanacr00staruoft_0093.png"; bbox 0 0 1910 3268; ppageno 0'>
   <div class='ocr_carea' id='block_1_1' title="bbox 0 0 194 1836">
    <p class='ocr_par' dir='ltr' id='par_1_1' title="bbox 0 0 194 1836">
     <span class='ocr_line' id='line_1_1' title="bbox 0 0 194 1836; baseline 0 -1513"><span class='ocrx_word' id='word_1_1' title='bbox 0 0 194 1836; x_wconf 95' lang='lat' dir='ltr'>    </span> 
     </span>
    </p>
   </div>
   <div class='ocr_carea' id='block_1_2' title="bbox 0 1988 46 2325">
    <p class='ocr_par' dir='ltr' id='par_1_2' title="bbox 0 1988 46 2325">
     <span class='ocr_line' id='line_1_2' title="bbox 0 1988 46 2325; baseline 0 943"><span class='ocrx_word' id='word_1_2' title='bbox 0 1988 46 2325; x_wconf 95' lang='lat' dir='ltr'> </span> 
     </span>
    </p>
   </div>
   <div class='ocr_carea' id='block_1_3' title="bbox 0 2468 46 3268">
    <p class='ocr_par' dir='ltr' id='par_1_3' title="bbox 0 2468 46 3268">
     <span class='ocr_line' id='line_1_3' title="bbox 0 2468 46 3268; baseline 0 0"><span class='ocrx_word' id='word_1_3' title='bbox 0 2468 46 3268; x_wconf 95' lang='lat' dir='ltr'> </span> 
     </span>
    </p>
   </div>
   <div class='ocr_carea' id='block_1_4' title="bbox 985 193 1416 328">
    <p class='ocr_par' dir='ltr' id='par_1_4' title="bbox 985 193 1416 328">
     <span class='ocr_line' id='line_1_4' title="bbox 985 193 1416 328; baseline 0.002 -69"><span class='ocrx_word' id='word_1_4' title='bbox 985 193 1416 328; x_wconf 59' lang='grc'>81”.</span> 
     </span>
    </p>
   </div>
   <div class='ocr_carea' id='block_1_5' title="bbox 137 342 1874 400">
    <p class='ocr_par' dir='ltr' id='par_1_5' title="bbox 137 342 1874 400">
     <span class='ocr_line' id='line_1_5' title="bbox 137 342 1874 400; baseline 0 -14"><span class='ocrx_word' id='word_1_5' title='bbox 137 344 199 386; x_wconf 85' lang='lat' dir='ltr'>-ad</span> <span class='ocrx_word' id='word_1_6' title='bbox 223 357 308 396; x_wconf 82' lang='lat' dir='ltr'>eam</span> <span class='ocrx_word' id='word_1_7' title='bbox 325 350 500 386; x_wconf 70' lang='lat' dir='ltr'>aetatem</span> <span class='ocrx_word' id='word_1_8' title='bbox 531 346 778 386; x_wconf 77' lang='lat' dir='ltr'>referendum</span> <span class='ocrx_word' id='word_1_9' title='bbox 812 346 983 396; x_wconf 89' lang='lat' dir='ltr'>videtur,</span> <span class='ocrx_word' id='word_1_10' title='bbox 1009 346 1098 386; x_wconf 87' lang='lat' dir='ltr'>.ubi</span> <span class='ocrx_word' id='word_1_11' title='bbox 1124 346 1286 386; x_wconf 84' lang='lat' dir='ltr'>dialecti</span> <span class='ocrx_word' id='word_1_12' title='bbox 1313 348 1397 399; x_wconf 68' lang='grc' dir='ltr'>Ι13111</span> <span class='ocrx_word' id='word_1_13' title='bbox 1431 346 1628 387; x_wconf 87' lang='lat' dir='ltr'>desierant</span> <span class='ocrx_word' id='word_1_14' title='bbox 1663 347 1702 386; x_wconf 89' lang='lat' dir='ltr'>in</span> <span class='ocrx_word' id='word_1_15' title='bbox 1737 342 1874 400; x_wconf 85' lang='lat' dir='ltr'>populi</span> 
     </span>
    </p>
   </div>
   <div class='ocr_carea' id='block_1_6' title="bbox 140 403 1910 1070">
    <p class='ocr_par' dir='ltr' id='par_1_6' title="bbox 141 403 1910 735">
     <span class='ocr_line' id='line_1_6' title="bbox 149 403 1870 466; baseline 0.001 -13"><span class='ocrx_word' id='word_1_16' title='bbox 149 424 223 453; x_wconf 78' lang='lat' dir='ltr'>ore</span> <span class='ocrx_word' id='word_1_17' title='bbox 241 413 382 464; x_wconf 83' lang='lat' dir='ltr'>vigere,</span> <span class='ocrx_word' id='word_1_18' title='bbox 407 403 603 466; x_wconf 89' lang='lat' dir='ltr'>lepidique</span> <span class='ocrx_word' id='word_1_19' title='bbox 627 413 720 465; x_wconf 91' lang='lat' dir='ltr'>quid</span> <span class='ocrx_word' id='word_1_20' title='bbox 745 418 861 466; x_wconf 90' lang='lat' dir='ltr'>atque</span> <span class='ocrx_word' id='word_1_21' title='bbox 882 414 1056 454; x_wconf 77' lang='lat' dir='ltr'>inusitati</span> <span class='ocrx_word' id='word_1_22' title='bbox 1081 415 1120 454; x_wconf 93' lang='lat' dir='ltr'>in</span> <span class='ocrx_word' id='word_1_23' title='bbox 1131 413 1273 454; x_wconf 89' lang='lat' dir='ltr'>Dorica</span> <span class='ocrx_word' id='word_1_24' title='bbox 1300 413 1465 454; x_wconf 89' lang='lat' dir='ltr'>dialecto</span> <span class='ocrx_word' id='word_1_25' title='bbox 1491 414 1621 453; x_wconf 90' lang='lat' dir='ltr'>inesse</span> <span class='ocrx_word' id='word_1_26' title='bbox 1644 406 1870 466; x_wconf 59' lang='lat' dir='ltr'>putabatur.</span> 
     </span>
     <span class='ocr_line' id='line_1_7' title="bbox 148 479 1879 533; baseline 0.001 -13"><span class='ocrx_word' id='word_1_27' title='bbox 148 479 357 520; x_wconf 76' lang='lat' dir='ltr'>Postremo</span> <span class='ocrx_word' id='word_1_28' title='bbox 381 479 470 519; x_wconf 89' lang='lat' dir='ltr'>loco</span> <span class='ocrx_word' id='word_1_29' title='bbox 504 479 602 520; x_wconf 90' lang='lat' dir='ltr'>mira</span> <span class='ocrx_word' id='word_1_30' title='bbox 636 480 699 520; x_wconf 86' lang='lat' dir='ltr'>illa</span> <span class='ocrx_word' id='word_1_31' title='bbox 725 480 904 528; x_wconf 79' lang='lat' dir='ltr'>confusio</span> <span class='ocrx_word' id='word_1_32' title='bbox 939 481 1111 520; x_wconf 91' lang='lat' dir='ltr'>notanda</span> <span class='ocrx_word' id='word_1_33' title='bbox 1137 486 1217 529; x_wconf 91' lang='lat' dir='ltr'>est,</span> <span class='ocrx_word' id='word_1_34' title='bbox 1253 494 1330 533; x_wconf 91' lang='lat' dir='ltr'>qua</span> <span class='ocrx_word' id='word_1_35' title='bbox 1354 486 1439 520; x_wconf 88' lang='lat' dir='ltr'>tum</span> <span class='ocrx_word' id='word_1_36' title='bbox 1473 483 1627 521; x_wconf 80' lang='lat' dir='ltr'>ceream</span> <span class='ocrx_word' id='word_1_37' title='bbox 1661 481 1879 532; x_wconf 74' lang='lat' dir='ltr'>imaginem-</span> 
     </span>
     <span class='ocr_line' id='line_1_8' title="bbox 147 536 1868 601; baseline 0.001 -15"><span class='ocrx_word' id='word_1_38' title='bbox 147 551 232 587; x_wconf 83' lang='lat' dir='ltr'>tum</span> <span class='ocrx_word' id='word_1_39' title='bbox 267 536 383 587; x_wconf 81' lang='lat' dir='ltr'>deum</span> <span class='ocrx_word' id='word_1_40' title='bbox 418 547 571 600; x_wconf 78' lang='lat' dir='ltr'>ipsum</span> <span class='ocrx_word' id='word_1_41' title='bbox 582 545 767 587; x_wconf 73' lang='lat' dir='ltr'>intellexit</span> <span class='ocrx_word' id='word_1_42' title='bbox 798 553 929 600; x_wconf 88' lang='lat' dir='ltr'>poeta.</span> <span class='ocrx_word' id='word_1_43' title='bbox 982 548 1220 600; x_wconf 86' lang='lat' dir='ltr'>Comparare</span> <span class='ocrx_word' id='word_1_44' title='bbox 1252 547 1343 586; x_wconf 91' lang='lat' dir='ltr'>licet</span> <span class='ocrx_word' id='word_1_45' title='bbox 1366 547 1548 599; x_wconf 82' lang='lat' dir='ltr'>Meleagri</span> <span class='ocrx_word' id='word_1_46' title='bbox 1583 543 1868 601; x_wconf 80' lang='lat' dir='ltr'>lepidissimum</span> 
     </span>
     <span class='ocr_line' id='line_1_9' title="bbox 141 613 1910 672; baseline 0.001 -18"><span class='ocrx_word' id='word_1_47' title='bbox 141 613 396 672; x_wconf 73' lang='lat' dir='ltr'>epigramma</span> <span class='ocrx_word' id='word_1_48' title='bbox 429 626 469 654; x_wconf 93' lang='lat' dir='ltr'>n.</span> <span class='ocrx_word' id='word_1_49' title='bbox 501 614 598 653; x_wconf 80' lang='lat' dir='ltr'>XCV</span> <span class='ocrx_word' id='word_1_50' title='bbox 631 614 691 654; x_wconf 91' lang='lat' dir='ltr'>ed.</span> <span class='ocrx_word' id='word_1_51' title='bbox 719 615 861 663; x_wconf 68' lang='lat' dir='ltr'>Graes„</span> <span class='ocrx_word' id='word_1_52' title='bbox 914 628 966 655; x_wconf 90' lang='lat' dir='ltr'>uo</span> <span class='ocrx_word' id='word_1_53' title='bbox 999 620 1124 655; x_wconf 87' lang='lat' dir='ltr'>mater</span> <span class='ocrx_word' id='word_1_54' title='bbox 1146 615 1331 656; x_wconf 81' lang='lat' dir='ltr'>Amorem</span> <span class='ocrx_word' id='word_1_55' title='bbox 1362 615 1567 667; x_wconf 87' lang='lat' dir='ltr'>parvulum</span> <span class='ocrx_word' id='word_1_56' title='bbox 1593 615 1869 656; x_wconf 82' lang='lat' dir='ltr'>dormitantem</span> <span class='ocrx_word' id='word_1_57' title='bbox 1909 630 1910 633; x_wconf 49' lang='lat'>¹</span> 
     </span>
     <span class='ocr_line' id='line_1_10' title="bbox 142 680 1833 739; baseline 0.001 -18.004"><span class='ocrx_word' id='word_1_58' title='bbox 142 680 187 721; x_wconf 83' lang='grc'>111</span> <span class='ocrx_word' id='word_1_59' title='bbox 210 681 298 735; x_wconf 83' lang='lat' dir='ltr'>ejus</span> <span class='ocrx_word' id='word_1_60' title='bbox 323 681 430 722; x_wconf 89' lang='lat' dir='ltr'>sinu</span> <span class='ocrx_word' id='word_1_61' title='bbox 438 681 605 720; x_wconf 88' lang='lat' dir='ltr'>vendere</span> <span class='ocrx_word' id='word_1_62' title='bbox 630 681 844 730; x_wconf 88' lang='lat' dir='ltr'>constituit,</span> <span class='ocrx_word' id='word_1_63' title='bbox 964 681 1161 733; x_wconf 83' lang='lat' dir='ltr'>precibuS,</span> <span class='ocrx_word' id='word_1_64' title='bbox 1188 681 1401 733; x_wconf 88' lang='lat' dir='ltr'>quominus</span> <span class='ocrx_word' id='word_1_65' title='bbox 1425 682 1546 723; x_wconf 85' lang='lat' dir='ltr'>faciat</span> <span class='ocrx_word' id='word_1_66' title='bbox 1564 683 1789 739; x_wconf 85' lang='lat' dir='ltr'>impeditur.</span> <span class='ocrx_word' id='word_1_67' title='bbox 1829 707 1833 711; x_wconf 80' lang='lat'><strong>·</strong></span> 
     </span>
    </p>

    <p class='ocr_par' dir='ltr' id='par_1_7' title="bbox 140 747 1910 1070">
     <span class='ocr_line' id='line_1_11' title="bbox 151 747 1871 807; baseline 0.001 -19"><span class='ocrx_word' id='word_1_68' title='bbox 151 750 161 755; x_wconf 82' lang='grc'><strong><em>’</em></strong></span> <span class='ocrx_word' id='word_1_69' title='bbox 258 748 419 807; x_wconf 80' lang='lat' dir='ltr'>Pugnae</span> <span class='ocrx_word' id='word_1_70' title='bbox 453 760 542 787; x_wconf 92' lang='lat' dir='ltr'>cum</span> <span class='ocrx_word' id='word_1_71' title='bbox 575 747 728 788; x_wconf 89' lang='lat' dir='ltr'>Amore</span> <span class='ocrx_word' id='word_1_72' title='bbox 751 749 870 789; x_wconf 89' lang='lat' dir='ltr'>initae</span> <span class='ocrx_word' id='word_1_73' title='bbox 902 748 1113 800; x_wconf 83' lang='lat' dir='ltr'>imaginem</span> <span class='ocrx_word' id='word_1_74' title='bbox 1146 747 1263 787; x_wconf 89' lang='lat' dir='ltr'>nobis</span> <span class='ocrx_word' id='word_1_75' title='bbox 1297 749 1460 800; x_wconf 84' lang='lat' dir='ltr'>praehet</span> <span class='ocrx_word' id='word_1_76' title='bbox 1493 763 1652 790; x_wconf 88' lang='lat' dir='ltr'>carmen</span> <span class='ocrx_word' id='word_1_77' title='bbox 1688 755 1871 802; x_wconf 87' lang='lat' dir='ltr'>quartum</span> 
     </span>
     <span class='ocr_line' id='line_1_12' title="bbox 144 803 1871 869; baseline 0.001 -14"><span class='ocrx_word' id='word_1_78' title='bbox 144 803 341 855; x_wconf 85' lang='lat' dir='ltr'>decimum</span> <span class='ocrx_word' id='word_1_79' title='bbox 367 815 434 865; x_wconf 88' lang='lat' dir='ltr'>(M.</span> <span class='ocrx_word' id='word_1_80' title='bbox 461 810 548 867; x_wconf 80' lang='grc' dir='ltr'>ιβ’).</span> <span class='ocrx_word' id='word_1_81' title='bbox 573 814 715 854; x_wconf 88' lang='lat' dir='ltr'>Amare</span> <span class='ocrx_word' id='word_1_82' title='bbox 737 821 898 867; x_wconf 89' lang='lat' dir='ltr'>paratus</span> <span class='ocrx_word' id='word_1_83' title='bbox 924 821 983 855; x_wconf 86' lang='lat' dir='ltr'>est</span> <span class='ocrx_word' id='word_1_84' title='bbox 1006 820 1152 867; x_wconf 56' lang='lat' dir='ltr'>poeta,</span> <span class='ocrx_word' id='word_1_85' title='bbox 1162 827 1252 854; x_wconf 92' lang='lat' dir='ltr'>cum</span> <span class='ocrx_word' id='word_1_86' title='bbox 1278 816 1371 867; x_wconf 92' lang='lat' dir='ltr'>quid</span> <span class='ocrx_word' id='word_1_87' title='bbox 1397 817 1518 857; x_wconf 89' lang='lat' dir='ltr'>valeat</span> <span class='ocrx_word' id='word_1_88' title='bbox 1541 829 1766 869; x_wconf 84' lang='lat' dir='ltr'>repugnans</span> <span class='ocrx_word' id='word_1_89' title='bbox 1784 817 1871 856; x_wconf 85' lang='lat' dir='ltr'>ani·-</span> 
     </span>
     <span class='ocr_line' id='line_1_13' title="bbox 143 872 1910 935; baseline 0.001 -12"><span class='ocrx_word' id='word_1_90' title='bbox 143 894 234 929; x_wconf 84' lang='lat' dir='ltr'>mus</span> <span class='ocrx_word' id='word_1_91' title='bbox 255 886 393 926; x_wconf 82' lang='lat' dir='ltr'>contra</span> <span class='ocrx_word' id='word_1_92' title='bbox 416 881 602 922; x_wconf 82' lang='lat' dir='ltr'>Amorem</span> <span class='ocrx_word' id='word_1_93' title='bbox 628 887 809 934; x_wconf 86' lang='lat' dir='ltr'>expertus</span> <span class='ocrx_word' id='word_1_94' title='bbox 835 882 906 931; x_wconf 84' lang='lat' dir='ltr'>sit3</span> <span class='ocrx_word' id='word_1_95' title='bbox 940 888 1199 934; x_wconf 84' lang='lat' dir='ltr'>posteaquam</span> <span class='ocrx_word' id='word_1_96' title='bbox 1225 882 1328 922; x_wconf 90' lang='lat' dir='ltr'>enim</span> <span class='ocrx_word' id='word_1_97' title='bbox 1352 883 1475 922; x_wconf 89' lang='lat' dir='ltr'>Amor</span> <span class='ocrx_word' id='word_1_98' title='bbox 1497 896 1628 935; x_wconf 89' lang='lat' dir='ltr'>pugna</span> <span class='ocrx_word' id='word_1_99' title='bbox 1664 884 1760 924; x_wconf 92' lang='lat' dir='ltr'>inita</span> <span class='ocrx_word' id='word_1_100' title='bbox 1786 872 1869 930; x_wconf 73' lang='lat' dir='ltr'>fru-</span> <span class='ocrx_word' id='word_1_101' title='bbox 1908 926 1910 928; x_wconf 67' lang='grc'>,</span> 
     </span>
     <span class='ocr_line' id='line_1_14' title="bbox 140 946 1884 1005; baseline 0.001 -15"><span class='ocrx_word' id='word_1_102' title='bbox 140 953 228 990; x_wconf 78' lang='lat' dir='ltr'>stra</span> <span class='ocrx_word' id='word_1_103' title='bbox 253 961 392 989; x_wconf 90' lang='lat' dir='ltr'>omnes</span> <span class='ocrx_word' id='word_1_104' title='bbox 417 949 578 1001; x_wconf 82' lang='lat' dir='ltr'>sagittas</span> <span class='ocrx_word' id='word_1_105' title='bbox 603 946 781 1005; x_wconf 87' lang='lat' dir='ltr'>projecit,</span> <span class='ocrx_word' id='word_1_106' title='bbox 807 961 895 990; x_wconf 89' lang='lat' dir='ltr'>sese</span> <span class='ocrx_word' id='word_1_107' title='bbox 919 948 1005 1001; x_wconf 88' lang='lat' dir='ltr'>ipse</span> <span class='ocrx_word' id='word_1_108' title='bbox 1028 949 1069 988; x_wconf 91' lang='lat' dir='ltr'>in</span> <span class='ocrx_word' id='word_1_109' title='bbox 1094 962 1164 988; x_wconf 90' lang='lat' dir='ltr'>cor</span> <span class='ocrx_word' id='word_1_110' title='bbox 1181 949 1356 989; x_wconf 89' lang='lat' dir='ltr'>immisit.</span> <span class='ocrx_word' id='word_1_111' title='bbox 1383 950 1590 990; x_wconf 85' lang='lat' dir='ltr'>Certamen</span> <span class='ocrx_word' id='word_1_112' title='bbox 1605 951 1763 1003; x_wconf 90' lang='lat' dir='ltr'>quidem</span> <span class='ocrx_word' id='word_1_113' title='bbox 1779 964 1884 1003; x_wconf 26' lang='lat' dir='ltr'>cum,</span> 
     </span>
     <span class='ocr_line' id='line_1_15' title="bbox 142 1016 1870 1070; baseline 0.001 -13"><span class='ocrx_word' id='word_1_114' title='bbox 142 1016 289 1057; x_wconf 83' lang='lat' dir='ltr'>Amore</span> <span class='ocrx_word' id='word_1_115' title='bbox 314 1016 455 1056; x_wconf 91' lang='lat' dir='ltr'>initum</span> <span class='ocrx_word' id='word_1_116' title='bbox 481 1016 528 1057; x_wconf 90' lang='lat' dir='ltr'>ab</span> <span class='ocrx_word' id='word_1_117' title='bbox 546 1017 792 1056; x_wconf 85' lang='lat' dir='ltr'>Anacreonte</span> <span class='ocrx_word' id='word_1_118' title='bbox 816 1016 983 1056; x_wconf 87' lang='lat' dir='ltr'>maxime</span> <span class='ocrx_word' id='word_1_119' title='bbox 1008 1016 1178 1056; x_wconf 91' lang='lat' dir='ltr'>alienum</span> <span class='ocrx_word' id='word_1_120' title='bbox 1203 1022 1274 1066; x_wconf 90' lang='lat' dir='ltr'>est,</span> <span class='ocrx_word' id='word_1_121' title='bbox 1301 1030 1368 1069; x_wconf 84' lang='lat' dir='ltr'>qui</span> <span class='ocrx_word' id='word_1_122' title='bbox 1393 1017 1439 1057; x_wconf 89' lang='lat' dir='ltr'>fr.</span> <span class='ocrx_word' id='word_1_123' title='bbox 1455 1017 1542 1057; x_wconf 86' lang='lat' dir='ltr'>LXI</span> <span class='ocrx_word' id='word_1_124' title='bbox 1567 1018 1767 1070; x_wconf 90' lang='lat' dir='ltr'>apportari</span> <span class='ocrx_word' id='word_1_125' title='bbox 1792 1017 1870 1058; x_wconf 90' lang='lat' dir='ltr'>sibi</span> 
     </span>
    </p>
   </div>
   <div class='ocr_carea' id='block_1_7' title="bbox 82 1071 1878 1276">
    <p class='ocr_par' dir='ltr' id='par_1_8' title="bbox 82 1071 1878 1276">
     <span class='ocr_line' id='line_1_16' title="bbox 82 1071 1878 1143; baseline 0.001 -19"><span class='ocrx_word' id='word_1_126' title='bbox 82 1071 108 1107; x_wconf 47' lang='lat'>&#39;-</span> <span class='ocrx_word' id='word_1_127' title='bbox 141 1083 256 1138; x_wconf 67' lang='lat' dir='ltr'>iubet</span> <span class='ocrx_word' id='word_1_128' title='bbox 276 1085 411 1124; x_wconf 86' lang='lat' dir='ltr'>vinum</span> <span class='ocrx_word' id='word_1_129' title='bbox 443 1090 559 1137; x_wconf 87' lang='lat' dir='ltr'>atque</span> <span class='ocrx_word' id='word_1_130' title='bbox 594 1096 762 1124; x_wconf 90' lang='lat' dir='ltr'>coronas</span> <span class='ocrx_word' id='word_1_131' title='bbox 798 1080 853 1129; x_wconf 80' lang='grc' dir='ltr'>ὡς</span> <span class='ocrx_word' id='word_1_132' title='bbox 887 1081 944 1135; x_wconf 83' lang='grc' dir='ltr'>μὴ</span> <span class='ocrx_word' id='word_1_133' title='bbox 980 1081 1084 1135; x_wconf 79' lang='grc' dir='ltr'><strong><em>πρὸς</em></strong></span> <span class='ocrx_word' id='word_1_134' title='bbox 1116 1082 1279 1136; x_wconf 78' lang='grc' dir='ltr'><em>Ἔρωτα</em></span> <span class='ocrx_word' id='word_1_135' title='bbox 1317 1084 1567 1143; x_wconf 64' lang='grc' dir='ltr'><strong><em>πυκταλίζω,</em></strong></span> <span class='ocrx_word' id='word_1_136' title='bbox 1611 1091 1648 1125; x_wconf 86' lang='grc'>31</span> <span class='ocrx_word' id='word_1_137' title='bbox 1681 1086 1788 1138; x_wconf 91' lang='lat' dir='ltr'>quod</span> <span class='ocrx_word' id='word_1_138' title='bbox 1822 1085 1878 1126; x_wconf 56' lang='lat' dir='ltr'>ad‘</span> 
     </span>
     <span class='ocr_line' id='line_1_17' title="bbox 91 1151 1869 1205; baseline 0.001 -14"><span class='ocrx_word' id='word_1_139' title='bbox 91 1156 120 1169; x_wconf 84' lang='lat'>&#39;·</span> <span class='ocrx_word' id='word_1_140' title='bbox 142 1151 441 1204; x_wconf 86' lang='lat' dir='ltr'>explicationem</span> <span class='ocrx_word' id='word_1_141' title='bbox 470 1151 619 1199; x_wconf 85' lang='lat' dir='ltr'>attinet,</span> <span class='ocrx_word' id='word_1_142' title='bbox 645 1151 778 1203; x_wconf 89' lang='lat' dir='ltr'>potius</span> <span class='ocrx_word' id='word_1_143' title='bbox 799 1165 819 1191; x_wconf 91' lang='lat' dir='ltr'>a</span> <span class='ocrx_word' id='word_1_144' title='bbox 841 1151 1034 1191; x_wconf 90' lang='lat' dir='ltr'>Welckeri</span> <span class='ocrx_word' id='word_1_145' title='bbox 1063 1152 1241 1204; x_wconf 87' lang='lat' dir='ltr'>partibus</span> <span class='ocrx_word' id='word_1_146' title='bbox 1278 1152 1465 1201; x_wconf 87' lang='lat' dir='ltr'>steterim,</span> <span class='ocrx_word' id='word_1_147' title='bbox 1493 1153 1559 1205; x_wconf 90' lang='lat' dir='ltr'>qui</span> <span class='ocrx_word' id='word_1_148' title='bbox 1587 1153 1745 1204; x_wconf 88' lang='lat' dir='ltr'>longius</span> <span class='ocrx_word' id='word_1_149' title='bbox 1773 1165 1869 1205; x_wconf 91' lang='lat' dir='ltr'>pro—</span> 
     </span>
     <span class='ocr_line' id='line_1_18' title="bbox 84 1216 1870 1276; baseline 0.001 -18"><span class='ocrx_word' id='word_1_150' title='bbox 84 1220 90 1225; x_wconf 83' lang='lat'>&#39;</span> <span class='ocrx_word' id='word_1_151' title='bbox 144 1218 303 1258; x_wconf 89' lang='lat' dir='ltr'>ductam</span> <span class='ocrx_word' id='word_1_152' title='bbox 326 1224 442 1271; x_wconf 91' lang='lat' dir='ltr'>atque</span> <span class='ocrx_word' id='word_1_153' title='bbox 456 1219 678 1270; x_wconf 85' lang='lat' dir='ltr'>languidam</span> <span class='ocrx_word' id='word_1_154' title='bbox 696 1232 782 1258; x_wconf 89' lang='lat' dir='ltr'>esse</span> <span class='ocrx_word' id='word_1_155' title='bbox 798 1224 942 1266; x_wconf 88' lang='lat' dir='ltr'>censet,</span> <span class='ocrx_word' id='word_1_156' title='bbox 964 1232 1081 1271; x_wconf 87' lang='lat' dir='ltr'>quam</span> <span class='ocrx_word' id='word_1_157' title='bbox 1097 1231 1185 1258; x_wconf 92' lang='lat' dir='ltr'>cum</span> <span class='ocrx_word' id='word_1_158' title='bbox 1200 1220 1444 1276; x_wconf 85' lang='lat' dir='ltr'>Mehlhornio</span> <span class='ocrx_word' id='word_1_159' title='bbox 1457 1220 1720 1272; x_wconf 89' lang='lat' dir='ltr'>Richteroque</span> <span class='ocrx_word' id='word_1_160' title='bbox 1731 1234 1772 1272; x_wconf 90' lang='lat' dir='ltr'>p.</span> <span class='ocrx_word' id='word_1_161' title='bbox 1787 1216 1870 1259; x_wconf 87' lang='grc'>136</span> 
     </span>
    </p>
   </div>
   <div class='ocr_carea' id='block_1_8' title="bbox 140 1278 1869 1542">
    <p class='ocr_par' dir='ltr' id='par_1_9' title="bbox 140 1278 1869 1542">
     <span class='ocr_line' id='line_1_19' title="bbox 142 1278 1867 1339; baseline 0 -13"><span class='ocrx_word' id='word_1_162' title='bbox 142 1278 391 1331; x_wconf 79' lang='lat' dir='ltr'>Anacreonte</span> <span class='ocrx_word' id='word_1_163' title='bbox 415 1286 689 1337; x_wconf 89' lang='lat' dir='ltr'>dignissimum</span> <span class='ocrx_word' id='word_1_164' title='bbox 716 1299 874 1326; x_wconf 89' lang='lat' dir='ltr'>carmen</span> <span class='ocrx_word' id='word_1_165' title='bbox 894 1287 1085 1339; x_wconf 87' lang='lat' dir='ltr'>judicare.</span> <span class='ocrx_word' id='word_1_166' title='bbox 1111 1286 1234 1339; x_wconf 86' lang='lat' dir='ltr'>Epica</span> <span class='ocrx_word' id='word_1_167' title='bbox 1258 1287 1362 1326; x_wconf 91' lang='lat' dir='ltr'>enim</span> <span class='ocrx_word' id='word_1_168' title='bbox 1379 1287 1545 1338; x_wconf 88' lang='lat' dir='ltr'>gravitas</span> <span class='ocrx_word' id='word_1_169' title='bbox 1571 1292 1687 1339; x_wconf 89' lang='lat' dir='ltr'>atque</span> <span class='ocrx_word' id='word_1_170' title='bbox 1713 1287 1867 1326; x_wconf 90' lang='lat' dir='ltr'>dicendi</span> 
     </span>
     <span class='ocr_line' id='line_1_20' title="bbox 144 1353 1869 1410; baseline 0 -16"><span class='ocrx_word' id='word_1_171' title='bbox 144 1354 281 1407; x_wconf 89' lang='lat' dir='ltr'>copia,</span> <span class='ocrx_word' id='word_1_172' title='bbox 317 1353 560 1406; x_wconf 87' lang='lat' dir='ltr'>comparatio</span> <span class='ocrx_word' id='word_1_173' title='bbox 596 1366 685 1393; x_wconf 89' lang='lat' dir='ltr'>cum</span> <span class='ocrx_word' id='word_1_174' title='bbox 716 1353 864 1392; x_wconf 86' lang='lat' dir='ltr'>Achille</span> <span class='ocrx_word' id='word_1_175' title='bbox 899 1354 946 1394; x_wconf 94' lang='lat' dir='ltr'>ad</span> <span class='ocrx_word' id='word_1_176' title='bbox 977 1366 1151 1406; x_wconf 89' lang='lat' dir='ltr'>pugnam</span> <span class='ocrx_word' id='word_1_177' title='bbox 1181 1353 1393 1394; x_wconf 89' lang='lat' dir='ltr'>ineundam</span> <span class='ocrx_word' id='word_1_178' title='bbox 1426 1354 1544 1410; x_wconf 86' lang='lat' dir='ltr'>armis</span> <span class='ocrx_word' id='word_1_179' title='bbox 1581 1367 1624 1393; x_wconf 91' lang='lat' dir='ltr'>se</span> <span class='ocrx_word' id='word_1_180' title='bbox 1649 1355 1869 1394; x_wconf 89' lang='lat' dir='ltr'>instruente</span> 
     </span>
     <span class='ocr_line' id='line_1_21' title="bbox 141 1412 1865 1474; baseline 0.001 -14"><span class='ocrx_word' id='word_1_181' title='bbox 141 1412 331 1471; x_wconf 88' lang='lat' dir='ltr'>instituta,</span> <span class='ocrx_word' id='word_1_182' title='bbox 356 1426 483 1461; x_wconf 84' lang='lat' dir='ltr'>totum</span> <span class='ocrx_word' id='word_1_183' title='bbox 509 1427 706 1461; x_wconf 84' lang='lat' dir='ltr'>certamen</span> <span class='ocrx_word' id='word_1_184' title='bbox 730 1421 827 1460; x_wconf 90' lang='lat' dir='ltr'>nihil</span> <span class='ocrx_word' id='word_1_185' title='bbox 851 1421 927 1460; x_wconf 92' lang='lat' dir='ltr'>nisi</span> <span class='ocrx_word' id='word_1_186' title='bbox 943 1421 1073 1461; x_wconf 90' lang='lat' dir='ltr'>lusum</span> <span class='ocrx_word' id='word_1_187' title='bbox 1091 1421 1286 1473; x_wconf 90' lang='lat' dir='ltr'>quendam</span> <span class='ocrx_word' id='word_1_188' title='bbox 1304 1421 1475 1473; x_wconf 89' lang='lat' dir='ltr'>lepidum</span> <span class='ocrx_word' id='word_1_189' title='bbox 1504 1433 1591 1460; x_wconf 91' lang='lat' dir='ltr'>esse</span> <span class='ocrx_word' id='word_1_190' title='bbox 1618 1421 1865 1474; x_wconf 82' lang='lat' dir='ltr'>comprobat,</span> 
     </span>
     <span class='ocr_line' id='line_1_22' title="bbox 140 1488 1863 1542; baseline 0 -13"><span class='ocrx_word' id='word_1_191' title='bbox 140 1489 211 1542; x_wconf 85' lang='lat' dir='ltr'>qui</span> <span class='ocrx_word' id='word_1_192' title='bbox 233 1489 281 1529; x_wconf 89' lang='lat' dir='ltr'>ab</span> <span class='ocrx_word' id='word_1_193' title='bbox 301 1489 561 1529; x_wconf 85' lang='lat' dir='ltr'>Anacreontis</span> <span class='ocrx_word' id='word_1_194' title='bbox 587 1488 743 1539; x_wconf 82' lang='lat' dir='ltr'>ingenio</span> <span class='ocrx_word' id='word_1_195' title='bbox 769 1489 915 1528; x_wconf 79' lang='lat' dir='ltr'>fervido</span> <span class='ocrx_word' id='word_1_196' title='bbox 932 1489 1088 1528; x_wconf 88' lang='lat' dir='ltr'>Amoris</span> <span class='ocrx_word' id='word_1_197' title='bbox 1102 1488 1179 1527; x_wconf 79' lang='lat' dir='ltr'>vim</span> <span class='ocrx_word' id='word_1_198' title='bbox 1194 1501 1434 1541; x_wconf 88' lang='lat' dir='ltr'>magnopere</span> <span class='ocrx_word' id='word_1_199' title='bbox 1449 1493 1608 1540; x_wconf 82' lang='lat' dir='ltr'>experto</span> <span class='ocrx_word' id='word_1_200' title='bbox 1624 1489 1774 1528; x_wconf 89' lang='lat' dir='ltr'>alienus</span> <span class='ocrx_word' id='word_1_201' title='bbox 1791 1494 1863 1529; x_wconf 84' lang='lat' dir='ltr'>est.</span> 
     </span>
    </p>
   </div>
   <div class='ocr_carea' id='block_1_9' title="bbox 131 1555 1869 1614">
    <p class='ocr_par' dir='ltr' id='par_1_10' title="bbox 131 1555 1869 1614">
     <span class='ocr_line' id='line_1_23' title="bbox 131 1555 1869 1614; baseline -0.001 -17"><span class='ocrx_word' id='word_1_202' title='bbox 131 1555 303 1608; x_wconf 76' lang='lat' dir='ltr'>&#39;Singula</span> <span class='ocrx_word' id='word_1_203' title='bbox 316 1556 434 1596; x_wconf 84' lang='lat' dir='ltr'>verba</span> <span class='ocrx_word' id='word_1_204' title='bbox 449 1556 550 1595; x_wconf 88' lang='lat' dir='ltr'>bene</span> <span class='ocrx_word' id='word_1_205' title='bbox 571 1569 613 1594; x_wconf 87' lang='lat' dir='ltr'>se</span> <span class='ocrx_word' id='word_1_206' title='bbox 627 1555 794 1604; x_wconf 67' lang='lat' dir='ltr'>babent,</span> <span class='ocrx_word' id='word_1_207' title='bbox 814 1555 972 1614; x_wconf 23' lang='lat' dir='ltr'>‘ionicae</span> <span class='ocrx_word' id='word_1_208' title='bbox 991 1556 1140 1596; x_wconf 84' lang='lat' dir='ltr'>formae</span> <span class='ocrx_word' id='word_1_209' title='bbox 1150 1556 1298 1608; x_wconf 89' lang='lat' dir='ltr'>ubique</span> <span class='ocrx_word' id='word_1_210' title='bbox 1319 1555 1536 1605; x_wconf 81' lang='lat' dir='ltr'>adhibitae3</span> <span class='ocrx_word' id='word_1_211' title='bbox 1562 1568 1690 1608; x_wconf 91' lang='lat' dir='ltr'>neque</span> <span class='ocrx_word' id='word_1_212' title='bbox 1707 1555 1869 1608; x_wconf 90' lang='lat' dir='ltr'>pluralis</span> 
     </span>
    </p>
   </div>
   <div class='ocr_carea' id='block_1_10' title="bbox 140 1619 1869 1810">
    <p class='ocr_par' dir='ltr' id='par_1_11' title="bbox 140 1619 1869 1810">
     <span class='ocr_line' id='line_1_24' title="bbox 141 1619 1869 1677; baseline -0.001 -13"><span class='ocrx_word' id='word_1_213' title='bbox 141 1630 258 1677; x_wconf 87' lang='lat' dir='ltr'>atque</span> <span class='ocrx_word' id='word_1_214' title='bbox 281 1623 489 1676; x_wconf 78' lang='lat' dir='ltr'>singularis</span> <span class='ocrx_word' id='word_1_215' title='bbox 515 1631 704 1662; x_wconf 83' lang='lat' dir='ltr'>numerus</span> <span class='ocrx_word' id='word_1_216' title='bbox 730 1635 817 1661; x_wconf 91' lang='lat' dir='ltr'>vere</span> <span class='ocrx_word' id='word_1_217' title='bbox 843 1628 1107 1663; x_wconf 89' lang='lat' dir='ltr'>commutatus</span> <span class='ocrx_word' id='word_1_218' title='bbox 1133 1628 1193 1663; x_wconf 87' lang='lat' dir='ltr'>est</span> <span class='ocrx_word' id='word_1_219' title='bbox 1215 1623 1256 1662; x_wconf 92' lang='lat' dir='ltr'>in</span> <span class='ocrx_word' id='word_1_220' title='bbox 1280 1623 1361 1662; x_wconf 87' lang='lat' dir='ltr'>his:</span> <span class='ocrx_word' id='word_1_221' title='bbox 1403 1621 1445 1662; x_wconf 82' lang='grc' dir='ltr'>τί</span> <span class='ocrx_word' id='word_1_222' title='bbox 1465 1620 1542 1675; x_wconf 76' lang='grc' dir='ltr'>γὰρ</span> <span class='ocrx_word' id='word_1_223' title='bbox 1565 1619 1760 1673; x_wconf 74' lang='grc' dir='ltr'>βάλωμεν</span> <span class='ocrx_word' id='word_1_224' title='bbox 1790 1620 1869 1670; x_wconf 64' lang='grc' dir='ltr'>ἔξω</span> 
     </span>
     <span class='ocr_line' id='line_1_25' title="bbox 140 1687 1866 1744; baseline -0.001 -13"><span class='ocrx_word' id='word_1_225' title='bbox 140 1689 277 1744; x_wconf 81' lang='grc' dir='ltr'><em>μάχης</em></span> <span class='ocrx_word' id='word_1_226' title='bbox 298 1688 377 1731; x_wconf 73' lang='grc' dir='ltr'>ἴσω</span> <span class='ocrx_word' id='word_1_227' title='bbox 400 1689 441 1741; x_wconf 79' lang='grc' dir='ltr'>μ’</span> <span class='ocrx_word' id='word_1_228' title='bbox 470 1687 667 1742; x_wconf 66' lang='grc' dir='ltr'><em>ἔχοῦσης;</em></span> <span class='ocrx_word' id='word_1_229' title='bbox 686 1689 797 1728; x_wconf 79' lang='lat' dir='ltr'>dicit</span> <span class='ocrx_word' id='word_1_230' title='bbox 820 1690 924 1728; x_wconf 89' lang='lat' dir='ltr'>enim</span> <span class='ocrx_word' id='word_1_231' title='bbox 949 1696 1080 1742; x_wconf 90' lang='lat' dir='ltr'>poeta,</span> <span class='ocrx_word' id='word_1_232' title='bbox 1106 1691 1198 1742; x_wconf 89' lang='lat' dir='ltr'>quid</span> <span class='ocrx_word' id='word_1_233' title='bbox 1219 1690 1336 1730; x_wconf 85' lang='lat' dir='ltr'>ambo</span> <span class='ocrx_word' id='word_1_234' title='bbox 1362 1703 1584 1743; x_wconf 87' lang='lat' dir='ltr'>pugnemus</span> <span class='ocrx_word' id='word_1_235' title='bbox 1610 1690 1866 1735; x_wconf 81' lang='lat' dir='ltr'>extrinsecus,</span> 
     </span>
     <span class='ocr_line' id='line_1_26' title="bbox 141 1751 1867 1810; baseline -0.001 -11"><span class='ocrx_word' id='word_1_236' title='bbox 141 1772 232 1799; x_wconf 88' lang='lat' dir='ltr'>cum</span> <span class='ocrx_word' id='word_1_237' title='bbox 256 1751 298 1799; x_wconf 86' lang='lat' dir='ltr'>in</span> <span class='ocrx_word' id='word_1_238' title='bbox 321 1771 385 1798; x_wconf 91' lang='lat' dir='ltr'>me</span> <span class='ocrx_word' id='word_1_239' title='bbox 409 1758 497 1810; x_wconf 82' lang='lat' dir='ltr'>ipso</span> <span class='ocrx_word' id='word_1_240' title='bbox 522 1757 616 1797; x_wconf 89' lang='lat' dir='ltr'>insit</span> <span class='ocrx_word' id='word_1_241' title='bbox 639 1769 784 1809; x_wconf 87' lang='lat' dir='ltr'>pugna.</span> <span class='ocrx_word' id='word_1_242' title='bbox 834 1757 883 1796; x_wconf 86' lang='lat' dir='ltr'>At</span> <span class='ocrx_word' id='word_1_243' title='bbox 906 1758 1050 1806; x_wconf 76' lang='lat' dir='ltr'>miror,</span> <span class='ocrx_word' id='word_1_244' title='bbox 1086 1758 1192 1810; x_wconf 89' lang='lat' dir='ltr'>quod</span> <span class='ocrx_word' id='word_1_245' title='bbox 1217 1757 1415 1797; x_wconf 91' lang='lat' dir='ltr'>neminem</span> <span class='ocrx_word' id='word_1_246' title='bbox 1443 1757 1605 1798; x_wconf 84' lang='lat' dir='ltr'>offendit</span> <span class='ocrx_word' id='word_1_247' title='bbox 1637 1754 1777 1798; x_wconf 82' lang='lat' dir='ltr'>v.15.</span> <span class='ocrx_word' id='word_1_248' title='bbox 1811 1781 1867 1786; x_wconf 91' lang='lat'>——</span> 
     </span>
    </p>
   </div>
   <div class='ocr_carea' id='block_1_11' title="bbox 131 1820 1865 1881">
    <p class='ocr_par' dir='ltr' id='par_1_12' title="bbox 131 1820 1865 1881">
     <span class='ocr_line' id='line_1_27' title="bbox 131 1820 1865 1881; baseline -0.001 -15"><span class='ocrx_word' id='word_1_249' title='bbox 131 1824 292 1874; x_wconf 61' lang='grc' dir='ltr'>Δἑψητὸν</span> <span class='ocrx_word' id='word_1_250' title='bbox 324 1823 477 1880; x_wconf 73' lang='grc' dir='ltr'><em>ἀφῆκεν</em></span> <span class='ocrx_word' id='word_1_251' title='bbox 511 1825 565 1871; x_wconf 76' lang='grc' dir='ltr'>εἷς</span> <span class='ocrx_word' id='word_1_252' title='bbox 596 1823 679 1874; x_wconf 60' lang='lat' dir='ltr'>ste).</span> <span class='ocrx_word' id='word_1_253' title='bbox 672 1839 801 1875; x_wconf 55' lang='lat' dir='ltr'>srgpmoi</span> <span class='ocrx_word' id='word_1_254' title='bbox 828 1824 904 1863; x_wconf 90' lang='lat' dir='ltr'>nisi</span> <span class='ocrx_word' id='word_1_255' title='bbox 930 1820 984 1870; x_wconf 78' lang='grc' dir='ltr'>(ὃς</span> <span class='ocrx_word' id='word_1_256' title='bbox 1007 1824 1205 1875; x_wconf 69' lang='grc' dir='ltr'>βέλεμιον</span> <span class='ocrx_word' id='word_1_257' title='bbox 1229 1824 1465 1874; x_wconf 85' lang='lat' dir='ltr'>scrihimus3</span> <span class='ocrx_word' id='word_1_258' title='bbox 1500 1824 1540 1863; x_wconf 92' lang='lat' dir='ltr'>in</span> <span class='ocrx_word' id='word_1_259' title='bbox 1573 1824 1730 1865; x_wconf 91' lang='lat' dir='ltr'>brevius</span> <span class='ocrx_word' id='word_1_260' title='bbox 1766 1838 1865 1881; x_wconf 80' lang='lat' dir='ltr'>con-</span> 
     </span>
    </p>
   </div>
   <div class='ocr_carea' id='block_1_12' title="bbox 138 1891 1866 1944">
    <p class='ocr_par' dir='ltr' id='par_1_13' title="bbox 138 1891 1866 1944">
     <span class='ocr_line' id='line_1_28' title="bbox 138 1891 1866 1944; baseline -0.001 -10"><span class='ocrx_word' id='word_1_261' title='bbox 138 1898 266 1934; x_wconf 65' lang='lat' dir='ltr'>fracta</span> <span class='ocrx_word' id='word_1_262' title='bbox 292 1893 418 1935; x_wconf 87' lang='lat' dir='ltr'>oratio</span> <span class='ocrx_word' id='word_1_263' title='bbox 444 1898 526 1942; x_wconf 90' lang='lat' dir='ltr'>est,</span> <span class='ocrx_word' id='word_1_264' title='bbox 561 1892 723 1944; x_wconf 87' lang='lat' dir='ltr'>proprie</span> <span class='ocrx_word' id='word_1_265' title='bbox 758 1892 862 1937; x_wconf 89' lang='lat' dir='ltr'>enim</span> <span class='ocrx_word' id='word_1_266' title='bbox 886 1897 969 1931; x_wconf 92' lang='lat' dir='ltr'>tum</span> <span class='ocrx_word' id='word_1_267' title='bbox 997 1892 1206 1932; x_wconf 90' lang='lat' dir='ltr'>dicendum</span> <span class='ocrx_word' id='word_1_268' title='bbox 1242 1897 1346 1932; x_wconf 90' lang='lat' dir='ltr'>erat:</span> <span class='ocrx_word' id='word_1_269' title='bbox 1372 1892 1412 1931; x_wconf 95' lang='lat' dir='ltr'>in</span> <span class='ocrx_word' id='word_1_270' title='bbox 1437 1891 1617 1943; x_wconf 86' lang='lat' dir='ltr'>sagittam</span> <span class='ocrx_word' id='word_1_271' title='bbox 1637 1893 1866 1934; x_wconf 82' lang='lat' dir='ltr'>mutabatur</span> 
     </span>
    </p>
   </div>
   <div class='ocr_carea' id='block_1_13' title="bbox 82 1959 879 2018">
    <p class='ocr_par' dir='ltr' id='par_1_14' title="bbox 82 1959 879 2018">
     <span class='ocr_line' id='line_1_29' title="bbox 82 1959 879 2018; baseline -0.006 -15"><span class='ocrx_word' id='word_1_272' title='bbox 82 1991 91 2015; x_wconf 80' lang='lat'>.-</span> <span class='ocrx_word' id='word_1_273' title='bbox 139 1966 390 2018; x_wconf 83' lang='lat' dir='ltr'>mutatusque</span> <span class='ocrx_word' id='word_1_274' title='bbox 415 1959 678 2000; x_wconf 84' lang='lat' dir='ltr'>adversarium</span> <span class='ocrx_word' id='word_1_275' title='bbox 704 1959 879 1999; x_wconf 83' lang='lat' dir='ltr'>feriebat.</span> 
     </span>
    </p>
   </div>
   <div class='ocr_carea' id='block_1_14' title="bbox 139 2027 1866 2147">
    <p class='ocr_par' dir='ltr' id='par_1_15' title="bbox 139 2027 1866 2147">
     <span class='ocr_line' id='line_1_30' title="bbox 251 2027 1866 2080; baseline 0 -12"><span class='ocrx_word' id='word_1_276' title='bbox 251 2029 361 2077; x_wconf 84' lang='lat' dir='ltr'>Quae</span> <span class='ocrx_word' id='word_1_277' title='bbox 394 2032 544 2067; x_wconf 83' lang='lat' dir='ltr'>restant</span> <span class='ocrx_word' id='word_1_278' title='bbox 570 2028 742 2068; x_wconf 84' lang='lat' dir='ltr'>carmina</span> <span class='ocrx_word' id='word_1_279' title='bbox 778 2028 826 2067; x_wconf 92' lang='lat' dir='ltr'>ad</span> <span class='ocrx_word' id='word_1_280' title='bbox 850 2028 1036 2080; x_wconf 85' lang='lat' dir='ltr'>Amorem</span> <span class='ocrx_word' id='word_1_281' title='bbox 1062 2028 1224 2080; x_wconf 85' lang='lat' dir='ltr'>ejusque</span> <span class='ocrx_word' id='word_1_282' title='bbox 1248 2039 1311 2066; x_wconf 88' lang='lat' dir='ltr'>res</span> <span class='ocrx_word' id='word_1_283' title='bbox 1333 2028 1454 2067; x_wconf 86' lang='lat' dir='ltr'>factas</span> <span class='ocrx_word' id='word_1_284' title='bbox 1479 2027 1732 2079; x_wconf 86' lang='lat' dir='ltr'>pertinentia,</span> <span class='ocrx_word' id='word_1_285' title='bbox 1767 2029 1866 2068; x_wconf 88' lang='lat' dir='ltr'>haec</span> 
     </span>
     <span class='ocr_line' id='line_1_31' title="bbox 139 2082 1865 2147; baseline -0.002 -9"><span class='ocrx_word' id='word_1_286' title='bbox 139 2082 456 2138; x_wconf 74' lang='grc'>0111111333110113</span> <span class='ocrx_word' id='word_1_287' title='bbox 481 2095 616 2134; x_wconf 88' lang='lat' dir='ltr'>aetatis</span> <span class='ocrx_word' id='word_1_288' title='bbox 640 2095 846 2135; x_wconf 80' lang='lat' dir='ltr'>manifesta</span> <span class='ocrx_word' id='word_1_289' title='bbox 881 2096 1117 2135; x_wconf 89' lang='lat' dir='ltr'>documenta</span> <span class='ocrx_word' id='word_1_290' title='bbox 1141 2107 1236 2147; x_wconf 92' lang='lat' dir='ltr'>prae</span> <span class='ocrx_word' id='word_1_291' title='bbox 1261 2107 1303 2134; x_wconf 92' lang='lat' dir='ltr'>se</span> <span class='ocrx_word' id='word_1_292' title='bbox 1336 2095 1487 2145; x_wconf 67' lang='lat' dir='ltr'>ferunt,</span> <span class='ocrx_word' id='word_1_293' title='bbox 1521 2095 1727 2147; x_wconf 89' lang='lat' dir='ltr'>parvulum</span> <span class='ocrx_word' id='word_1_294' title='bbox 1762 2095 1865 2135; x_wconf 91' lang='lat' dir='ltr'>enim</span> 
     </span>
    </p>
   </div>
   <div class='ocr_carea' id='block_1_15' title="bbox 27 2154 1864 2217">
    <p class='ocr_par' dir='ltr' id='par_1_16' title="bbox 27 2154 1864 2217">
     <span class='ocr_line' id='line_1_32' title="bbox 27 2154 1864 2217; baseline -0.001 -13"><span class='ocrx_word' id='word_1_295' title='bbox 27 2154 40 2212; x_wconf 29' lang='lat'>,⁴</span> <span class='ocrx_word' id='word_1_296' title='bbox 68 2170 75 2175; x_wconf 83' lang='lat'><em>&#39;</em></span> <span class='ocrx_word' id='word_1_297' title='bbox 139 2160 256 2204; x_wconf 71' lang='lat' dir='ltr'>nob&#39;is</span> <span class='ocrx_word' id='word_1_298' title='bbox 288 2163 463 2215; x_wconf 90' lang='lat' dir='ltr'>produnt</span> <span class='ocrx_word' id='word_1_299' title='bbox 487 2163 626 2211; x_wconf 90' lang='lat' dir='ltr'>deum,</span> <span class='ocrx_word' id='word_1_300' title='bbox 662 2175 725 2217; x_wconf 83' lang='lat' dir='ltr'>res</span> <span class='ocrx_word' id='word_1_301' title='bbox 756 2162 866 2217; x_wconf 85' lang='lat' dir='ltr'>ipsae</span> <span class='ocrx_word' id='word_1_302' title='bbox 897 2175 1035 2202; x_wconf 90' lang='lat' dir='ltr'>omnes</span> <span class='ocrx_word' id='word_1_303' title='bbox 1071 2175 1116 2202; x_wconf 87' lang='lat' dir='ltr'>ex</span> <span class='ocrx_word' id='word_1_304' title='bbox 1141 2161 1487 2215; x_wconf 89' lang='lat' dir='ltr'>epigrammatibus</span> <span class='ocrx_word' id='word_1_305' title='bbox 1523 2163 1725 2202; x_wconf 88' lang='lat' dir='ltr'>desumtae</span> <span class='ocrx_word' id='word_1_306' title='bbox 1759 2168 1864 2211; x_wconf 86' lang='lat' dir='ltr'>sunt.</span> 
     </span>
    </p>
   </div>
   <div class='ocr_carea' id='block_1_16' title="bbox 139 2212 1871 2617">
    <p class='ocr_par' dir='ltr' id='par_1_17' title="bbox 139 2212 1871 2617">
     <span class='ocr_line' id='line_1_33' title="bbox 142 2212 1863 2289; baseline -0.002 -18"><span class='ocrx_word' id='word_1_307' title='bbox 142 2230 405 2271; x_wconf 85' lang='lat' dir='ltr'>Tricesimum</span> <span class='ocrx_word' id='word_1_308' title='bbox 451 2242 608 2269; x_wconf 88' lang='lat' dir='ltr'>carmen</span> <span class='ocrx_word' id='word_1_309' title='bbox 644 2212 723 2280; x_wconf 72' lang='lat' dir='ltr'>(M.</span> <span class='ocrx_word' id='word_1_310' title='bbox 749 2225 824 2281; x_wconf 61' lang='lat'>13&#39;)</span> <span class='ocrx_word' id='word_1_311' title='bbox 859 2229 975 2268; x_wconf 79' lang='lat' dir='ltr'>nob‘is</span> <span class='ocrx_word' id='word_1_312' title='bbox 1006 2229 1210 2289; x_wconf 87' lang='lat' dir='ltr'>proponit</span> <span class='ocrx_word' id='word_1_313' title='bbox 1250 2229 1435 2270; x_wconf 89' lang='lat' dir='ltr'>Amorem</span> <span class='ocrx_word' id='word_1_314' title='bbox 1477 2243 1499 2269; x_wconf 94' lang='lat' dir='ltr'>a</span> <span class='ocrx_word' id='word_1_315' title='bbox 1533 2229 1655 2269; x_wconf 89' lang='lat' dir='ltr'>Musis</span> <span class='ocrx_word' id='word_1_316' title='bbox 1703 2229 1863 2280; x_wconf 90' lang='lat' dir='ltr'>coronis</span> 
     </span>
     <span class='ocr_line' id='line_1_34' title="bbox 140 2285 1871 2349; baseline -0.001 -11"><span class='ocrx_word' id='word_1_317' title='bbox 140 2294 312 2338; x_wconf 74' lang='lat' dir='ltr'>cinctum</span> <span class='ocrx_word' id='word_1_318' title='bbox 337 2297 600 2349; x_wconf 89' lang='lat' dir='ltr'>traditumque</span> <span class='ocrx_word' id='word_1_319' title='bbox 624 2296 904 2344; x_wconf 83' lang='lat' dir='ltr'>Pulcritudini‚</span> <span class='ocrx_word' id='word_1_320' title='bbox 930 2309 952 2336; x_wconf 93' lang='lat' dir='ltr'>a</span> <span class='ocrx_word' id='word_1_321' title='bbox 976 2309 1052 2348; x_wconf 91' lang='lat' dir='ltr'>qua</span> <span class='ocrx_word' id='word_1_322' title='bbox 1077 2309 1158 2336; x_wconf 92' lang='lat' dir='ltr'>non</span> <span class='ocrx_word' id='word_1_323' title='bbox 1178 2297 1261 2349; x_wconf 88' lang='lat' dir='ltr'>jam</span> <span class='ocrx_word' id='word_1_324' title='bbox 1287 2285 1477 2336; x_wconf 86' lang='lat' dir='ltr'>discedat</span> <span class='ocrx_word' id='word_1_325' title='bbox 1486 2296 1637 2336; x_wconf 90' lang='lat' dir='ltr'>etiamsi</span> <span class='ocrx_word' id='word_1_326' title='bbox 1661 2309 1742 2336; x_wconf 92' lang='lat' dir='ltr'>non</span> <span class='ocrx_word' id='word_1_327' title='bbox 1769 2309 1871 2349; x_wconf 35' lang='lat' dir='ltr'>coa--</span> 
     </span>
     <span class='ocr_line' id='line_1_35' title="bbox 141 2358 1864 2419; baseline -0.001 -14"><span class='ocrx_word' id='word_1_328' title='bbox 141 2369 241 2405; x_wconf 79' lang='lat' dir='ltr'>ctus.</span> <span class='ocrx_word' id='word_1_329' title='bbox 289 2364 462 2419; x_wconf 84' lang='lat' dir='ltr'>Summis</span> <span class='ocrx_word' id='word_1_330' title='bbox 486 2363 668 2404; x_wconf 88' lang='lat' dir='ltr'>laudibus</span> <span class='ocrx_word' id='word_1_331' title='bbox 694 2363 889 2415; x_wconf 84' lang='lat' dir='ltr'>etulerunt</span> <span class='ocrx_word' id='word_1_332' title='bbox 910 2363 940 2402; x_wconf 93' lang='lat' dir='ltr'><strong>F</strong></span> <span class='ocrx_word' id='word_1_333' title='bbox 945 2363 1060 2412; x_wconf 90' lang='lat' dir='ltr'>aher</span> <span class='ocrx_word' id='word_1_334' title='bbox 1083 2358 1331 2412; x_wconf 90' lang='lat' dir='ltr'>Schneider</span> <span class='ocrx_word' id='word_1_335' title='bbox 1367 2363 1562 2415; x_wconf 85' lang='lat' dir='ltr'>Degenius</span> <span class='ocrx_word' id='word_1_336' title='bbox 1587 2364 1864 2413; x_wconf 90' lang='lat' dir='ltr'>inventionem,</span> 
     </span>
     <span class='ocr_line' id='line_1_36' title="bbox 142 2421 1861 2485; baseline -0.001 -13"><span class='ocrx_word' id='word_1_337' title='bbox 142 2433 212 2472; x_wconf 88' lang='lat' dir='ltr'>sed</span> <span class='ocrx_word' id='word_1_338' title='bbox 236 2421 322 2485; x_wconf 41' lang='lat' dir='ltr'>quo·</span> <span class='ocrx_word' id='word_1_339' title='bbox 335 2435 424 2485; x_wconf 82' lang='lat' dir='ltr'>Jure</span> <span class='ocrx_word' id='word_1_340' title='bbox 450 2445 531 2471; x_wconf 89' lang='lat' dir='ltr'>non</span> <span class='ocrx_word' id='word_1_341' title='bbox 555 2431 742 2482; x_wconf 88' lang='lat' dir='ltr'>intelligo.</span> <span class='ocrx_word' id='word_1_342' title='bbox 789 2430 908 2470; x_wconf 89' lang='lat' dir='ltr'>Recte</span> <span class='ocrx_word' id='word_1_343' title='bbox 927 2430 1110 2482; x_wconf 87' lang='lat' dir='ltr'>allegoria</span> <span class='ocrx_word' id='word_1_344' title='bbox 1136 2431 1308 2474; x_wconf 86' lang='lat' dir='ltr'>detracta</span> <span class='ocrx_word' id='word_1_345' title='bbox 1332 2431 1600 2470; x_wconf 90' lang='lat' dir='ltr'>Mehlhornius</span> <span class='ocrx_word' id='word_1_346' title='bbox 1633 2431 1737 2471; x_wconf 89' lang='lat' dir='ltr'>hanc</span> <span class='ocrx_word' id='word_1_347' title='bbox 1767 2444 1861 2471; x_wconf 82' lang='lat' dir='ltr'>sen-</span> 
     </span>
     <span class='ocr_line' id='line_1_37' title="bbox 139 2497 1860 2550; baseline -0.001 -11"><span class='ocrx_word' id='word_1_348' title='bbox 139 2499 305 2539; x_wconf 78' lang='lat' dir='ltr'>tentiam·</span> <span class='ocrx_word' id='word_1_349' title='bbox 324 2498 487 2538; x_wconf 88' lang='lat' dir='ltr'>invenit:</span> <span class='ocrx_word' id='word_1_350' title='bbox 534 2499 720 2538; x_wconf 88' lang='lat' dir='ltr'>Amorem</span> <span class='ocrx_word' id='word_1_351' title='bbox 745 2497 793 2537; x_wconf 90' lang='grc'>31)</span> <span class='ocrx_word' id='word_1_352' title='bbox 819 2498 929 2537; x_wconf 85' lang='grc'>1111110</span> <span class='ocrx_word' id='word_1_353' title='bbox 954 2510 1085 2537; x_wconf 91' lang='lat' dir='ltr'>rerum</span> <span class='ocrx_word' id='word_1_354' title='bbox 1106 2499 1243 2538; x_wconf 90' lang='lat' dir='ltr'>rudem</span> <span class='ocrx_word' id='word_1_355' title='bbox 1269 2503 1308 2538; x_wconf 89' lang='lat' dir='ltr'>et</span> <span class='ocrx_word' id='word_1_356' title='bbox 1332 2498 1445 2537; x_wconf 87' lang='lat' dir='ltr'>obvia</span> <span class='ocrx_word' id='word_1_357' title='bbox 1469 2511 1647 2550; x_wconf 86' lang='lat' dir='ltr'>quaeque</span> <span class='ocrx_word' id='word_1_358' title='bbox 1669 2503 1860 2550; x_wconf 88' lang='lat' dir='ltr'>appeten-</span> 
     </span>
     <span class='ocr_line' id='line_1_38' title="bbox 139 2564 1864 2617; baseline -0.001 -12"><span class='ocrx_word' id='word_1_359' title='bbox 139 2571 218 2606; x_wconf 91' lang='lat' dir='ltr'>tem</span> <span class='ocrx_word' id='word_1_360' title='bbox 259 2565 422 2606; x_wconf 80' lang='lat' dir='ltr'>cultiore</span> <span class='ocrx_word' id='word_1_361' title='bbox 456 2567 555 2606; x_wconf 87' lang='lat' dir='ltr'>sacta</span> <span class='ocrx_word' id='word_1_362' title='bbox 592 2564 729 2605; x_wconf 89' lang='lat' dir='ltr'>litteris</span> <span class='ocrx_word' id='word_1_363' title='bbox 762 2564 969 2604; x_wconf 91' lang='lat' dir='ltr'>hominum</span> <span class='ocrx_word' id='word_1_364' title='bbox 1013 2565 1088 2605; x_wconf 81' lang='lat' dir='ltr'>vita</span> <span class='ocrx_word' id='word_1_365' title='bbox 1118 2565 1399 2617; x_wconf 89' lang='lat' dir='ltr'>pulcritudinis</span> <span class='ocrx_word' id='word_1_366' title='bbox 1432 2565 1509 2604; x_wconf 86' lang='lat' dir='ltr'>vim</span> <span class='ocrx_word' id='word_1_367' title='bbox 1548 2565 1780 2616; x_wconf 88' lang='lat' dir='ltr'>cognovisse</span> <span class='ocrx_word' id='word_1_368' title='bbox 1825 2571 1864 2604; x_wconf 87' lang='lat' dir='ltr'>et</span> 
     </span>
    </p>
   </div>
   <div class='ocr_carea' id='block_1_17' title="bbox 5 2617 1862 2688">
    <p class='ocr_par' dir='ltr' id='par_1_18' title="bbox 5 2617 1862 2688">
     <span class='ocr_line' id='line_1_39' title="bbox 5 2617 1862 2688; baseline 0.001 -17"><span class='ocrx_word' id='word_1_369' title='bbox 5 2617 39 2671; x_wconf 46' lang='lat'>⁷³4·</span> <span class='ocrx_word' id='word_1_370' title='bbox 99 2660 102 2664; x_wconf 24' lang='grc' dir='ltr'><strong>Δ</strong></span> <span class='ocrx_word' id='word_1_371' title='bbox 138 2634 255 2688; x_wconf 78' lang='lat' dir='ltr'>hujtis</span> <span class='ocrx_word' id='word_1_372' title='bbox 280 2623 401 2684; x_wconf 82' lang='lat' dir='ltr'>regno</span> <span class='ocrx_word' id='word_1_373' title='bbox 438 2633 650 2672; x_wconf 87' lang='lat' dir='ltr'>coercitum</span> <span class='ocrx_word' id='word_1_374' title='bbox 679 2632 821 2684; x_wconf 87' lang='lat' dir='ltr'>pulcra</span> <span class='ocrx_word' id='word_1_375' title='bbox 856 2637 1006 2671; x_wconf 92' lang='lat' dir='ltr'>tantum</span> <span class='ocrx_word' id='word_1_376' title='bbox 1033 2632 1189 2677; x_wconf 81' lang='lat' dir='ltr'>sectari.</span> <span class='ocrx_word' id='word_1_377' title='bbox 1220 2631 1269 2671; x_wconf 90' lang='lat' dir='ltr'>At</span> <span class='ocrx_word' id='word_1_378' title='bbox 1293 2645 1503 2684; x_wconf 88' lang='lat' dir='ltr'>quemnam</span> <span class='ocrx_word' id='word_1_379' title='bbox 1523 2632 1725 2671; x_wconf 90' lang='lat' dir='ltr'>hominem</span> <span class='ocrx_word' id='word_1_380' title='bbox 1751 2633 1862 2672; x_wconf 88' lang='lat' dir='ltr'>decet</span> 
     </span>
    </p>
   </div>
   <div class='ocr_carea' id='block_1_18' title="bbox 136 2697 1860 2819">
    <p class='ocr_par' dir='ltr' id='par_1_19' title="bbox 136 2697 1860 2819">
     <span class='ocr_line' id='line_1_40' title="bbox 136 2697 1860 2751; baseline -0.001 -11"><span class='ocrx_word' id='word_1_381' title='bbox 136 2701 236 2742; x_wconf 81' lang='lat' dir='ltr'>haec</span> <span class='ocrx_word' id='word_1_382' title='bbox 260 2700 450 2741; x_wconf 88' lang='lat' dir='ltr'>sententia</span> <span class='ocrx_word' id='word_1_383' title='bbox 478 2699 683 2751; x_wconf 89' lang='lat' dir='ltr'>allegorice</span> <span class='ocrx_word' id='word_1_384' title='bbox 706 2699 858 2751; x_wconf 85' lang='lat' dir='ltr'>prolata</span> <span class='ocrx_word' id='word_1_385' title='bbox 881 2699 957 2737; x_wconf 88' lang='lat' dir='ltr'>nisi</span> <span class='ocrx_word' id='word_1_386' title='bbox 982 2699 1311 2750; x_wconf 76' lang='lat' dir='ltr'>grammaticum?</span> <span class='ocrx_word' id='word_1_387' title='bbox 1353 2700 1534 2748; x_wconf 88' lang='lat' dir='ltr'>Accedit,</span> <span class='ocrx_word' id='word_1_388' title='bbox 1561 2700 1667 2751; x_wconf 92' lang='lat' dir='ltr'>quod</span> <span class='ocrx_word' id='word_1_389' title='bbox 1692 2697 1860 2745; x_wconf 83' lang='grc' dir='ltr'><strong><em>Κάλλος</em></strong></span> 
     </span>
     <span class='ocr_line' id='line_1_41' title="bbox 137 2765 1857 2819; baseline -0.001 -11"><span class='ocrx_word' id='word_1_390' title='bbox 137 2781 284 2808; x_wconf 83' lang='grc'>1111111311</span> <span class='ocrx_word' id='word_1_391' title='bbox 315 2781 337 2808; x_wconf 86' lang='grc'>3</span> <span class='ocrx_word' id='word_1_392' title='bbox 360 2767 555 2807; x_wconf 86' lang='lat' dir='ltr'>veteribus</span> <span class='ocrx_word' id='word_1_393' title='bbox 587 2767 827 2807; x_wconf 90' lang='lat' dir='ltr'>Graecorum</span> <span class='ocrx_word' id='word_1_394' title='bbox 851 2765 994 2817; x_wconf 81' lang='lat' dir='ltr'>mythis</span> <span class='ocrx_word' id='word_1_395' title='bbox 1019 2766 1135 2818; x_wconf 90' lang='lat' dir='ltr'>plane</span> <span class='ocrx_word' id='word_1_396' title='bbox 1161 2766 1329 2806; x_wconf 86' lang='lat' dir='ltr'>alienum</span> <span class='ocrx_word' id='word_1_397' title='bbox 1357 2772 1438 2815; x_wconf 68' lang='lat' dir='ltr'>est,</span> <span class='ocrx_word' id='word_1_398' title='bbox 1471 2780 1562 2806; x_wconf 87' lang='lat' dir='ltr'>nam</span> <span class='ocrx_word' id='word_1_399' title='bbox 1587 2767 1746 2807; x_wconf 88' lang='lat' dir='ltr'>Veneris</span> <span class='ocrx_word' id='word_1_400' title='bbox 1771 2767 1857 2819; x_wconf 92' lang='lat' dir='ltr'>ipsa</span> 
     </span>
    </p>
   </div>
   <div class='ocr_carea' id='block_1_19' title="bbox 135 2826 1855 2894">
    <p class='ocr_par' dir='ltr' id='par_1_20' title="bbox 7 2814 1855 2894">
     <span class='ocr_line' id='line_1_42' title="bbox 135 2826 1855 2894; baseline -0.002 -18.208"><span class='ocrx_word' id='word_1_401' title='bbox 135 2826 289 2894; x_wconf 74' lang='lat' dir='ltr'>summa</span> <span class='ocrx_word' id='word_1_402' title='bbox 325 2835 552 2875; x_wconf 90' lang='lat' dir='ltr'>Pulcritudo</span> <span class='ocrx_word' id='word_1_403' title='bbox 589 2839 670 2883; x_wconf 90' lang='lat' dir='ltr'>est,</span> <span class='ocrx_word' id='word_1_404' title='bbox 704 2834 909 2886; x_wconf 85' lang='lat' dir='ltr'>disjuncta</span> <span class='ocrx_word' id='word_1_405' title='bbox 946 2832 994 2873; x_wconf 90' lang='lat' dir='ltr'>ab</span> <span class='ocrx_word' id='word_1_406' title='bbox 1026 2846 1071 2873; x_wconf 88' lang='lat' dir='ltr'>ea</span> <span class='ocrx_word' id='word_1_407' title='bbox 1104 2833 1265 2885; x_wconf 87' lang='lat' dir='ltr'>cogitari</span> <span class='ocrx_word' id='word_1_408' title='bbox 1288 2844 1388 2873; x_wconf 47' lang='lat' dir='ltr'>*non</span> <span class='ocrx_word' id='word_1_409' title='bbox 1417 2839 1570 2886; x_wconf 68' lang='lat' dir='ltr'>potest,</span> <span class='ocrx_word' id='word_1_410' title='bbox 1616 2833 1855 2873; x_wconf 84' lang='lat' dir='ltr'>abstractum</span> 
     </span>
    </p>
   </div>
   <div class='ocr_carea' id='block_1_20' title="bbox 137 2892 1856 2953">
    <p class='ocr_par' dir='ltr' id='par_1_21' title="bbox 137 2892 1856 2953">
     <span class='ocr_line' id='line_1_43' title="bbox 137 2892 1856 2953; baseline -0.002 -11"><span class='ocrx_word' id='word_1_411' title='bbox 137 2914 284 2942; x_wconf 87' lang='lat' dir='ltr'>nomen</span> <span class='ocrx_word' id='word_1_412' title='bbox 297 2902 475 2942; x_wconf 86' lang='lat' dir='ltr'>neutrius</span> <span class='ocrx_word' id='word_1_413' title='bbox 498 2902 665 2942; x_wconf 81' lang='lat' dir='ltr'>maxime</span> <span class='ocrx_word' id='word_1_414' title='bbox 690 2900 842 2953; x_wconf 85' lang='lat' dir='ltr'>generis</span> <span class='ocrx_word' id='word_1_415' title='bbox 868 2895 996 2940; x_wconf 87' lang='lat' dir='ltr'>divino</span> <span class='ocrx_word' id='word_1_416' title='bbox 1008 2892 1161 2940; x_wconf 79' lang='lat' dir='ltr'>honore</span> <span class='ocrx_word' id='word_1_417' title='bbox 1185 2913 1372 2941; x_wconf 88' lang='lat' dir='ltr'>exornare</span> <span class='ocrx_word' id='word_1_418' title='bbox 1397 2913 1441 2940; x_wconf 86' lang='lat' dir='ltr'>ex</span> <span class='ocrx_word' id='word_1_419' title='bbox 1451 2901 1719 2940; x_wconf 84' lang='lat' dir='ltr'>Romanorum</span> <span class='ocrx_word' id='word_1_420' title='bbox 1746 2901 1856 2952; x_wconf 88' lang='lat' dir='ltr'>inge-</span> 
     </span>
    </p>
   </div>
   <div class='ocr_carea' id='block_1_21' title="bbox 120 2962 1854 3021">
    <p class='ocr_par' dir='ltr' id='par_1_22' title="bbox 120 2962 1854 3021">
     <span class='ocr_line' id='line_1_44' title="bbox 120 2962 1854 3021; baseline -0.001 -13"><span class='ocrx_word' id='word_1_421' title='bbox 120 2962 222 3009; x_wconf 54' lang='lat' dir='ltr'>&#39;nio&#39;</span> <span class='ocrx_word' id='word_1_422' title='bbox 248 2982 294 3010; x_wconf 90' lang='lat' dir='ltr'>ac</span> <span class='ocrx_word' id='word_1_423' title='bbox 330 2969 511 3013; x_wconf 83' lang='lat' dir='ltr'>moribus</span> <span class='ocrx_word' id='word_1_424' title='bbox 544 2970 636 3018; x_wconf 80' lang='lat' dir='ltr'>suit,</span> <span class='ocrx_word' id='word_1_425' title='bbox 675 2972 883 3021; x_wconf 76' lang='lat' dir='ltr'>‘nunquam</span> <span class='ocrx_word' id='word_1_426' title='bbox 919 2969 1159 3008; x_wconf 89' lang='lat' dir='ltr'>Graecorum</span> <span class='ocrx_word' id='word_1_427' title='bbox 1212 2969 1279 3021; x_wconf 93' lang='lat' dir='ltr'>qui</span> <span class='ocrx_word' id='word_1_428' title='bbox 1322 2981 1403 3008; x_wconf 90' lang='lat' dir='ltr'>non</span> <span class='ocrx_word' id='word_1_429' title='bbox 1447 2968 1630 3007; x_wconf 89' lang='lat' dir='ltr'>notiones</span> <span class='ocrx_word' id='word_1_430' title='bbox 1666 2968 1854 3020; x_wconf 89' lang='lat' dir='ltr'>quasdam</span> 
     </span>
    </p>
   </div>
   <div class='ocr_carea' id='block_1_22' title="bbox 136 3035 1858 3134">
    <p class='ocr_par' dir='ltr' id='par_1_23' title="bbox 136 3035 1858 3134">
     <span class='ocr_line' id='line_1_45' title="bbox 138 3035 1858 3086; baseline -0.001 -10"><span class='ocrx_word' id='word_1_431' title='bbox 138 3035 339 3077; x_wconf 87' lang='lat' dir='ltr'>universas</span> <span class='ocrx_word' id='word_1_432' title='bbox 378 3037 448 3078; x_wconf 91' lang='lat' dir='ltr'>sed</span> <span class='ocrx_word' id='word_1_433' title='bbox 481 3036 684 3077; x_wconf 84' lang='lat' dir='ltr'>distinctas</span> <span class='ocrx_word' id='word_1_434' title='bbox 719 3036 924 3076; x_wconf 89' lang='lat' dir='ltr'>hominum</span> <span class='ocrx_word' id='word_1_435' title='bbox 971 3035 1160 3086; x_wconf 88' lang='lat' dir='ltr'>imagines</span> <span class='ocrx_word' id='word_1_436' title='bbox 1194 3036 1234 3076; x_wconf 91' lang='lat' dir='ltr'>in</span> <span class='ocrx_word' id='word_1_437' title='bbox 1278 3036 1408 3076; x_wconf 89' lang='lat' dir='ltr'>divino</span> <span class='ocrx_word' id='word_1_438' title='bbox 1449 3036 1601 3075; x_wconf 89' lang='lat' dir='ltr'>honore</span> <span class='ocrx_word' id='word_1_439' title='bbox 1644 3035 1858 3075; x_wconf 85' lang='lat' dir='ltr'>habebant.</span> 
     </span>
     <span class='ocr_line' id='line_1_46' title="bbox 136 3102 1580 3134; baseline 0.004 -19"><span class='ocrx_word' id='word_1_440' title='bbox 136 3113 138 3115; x_wconf 91' lang='lat'>.</span> <span class='ocrx_word' id='word_1_441' title='bbox 274 3102 303 3108; x_wconf 58' lang='grc' dir='ltr'>ν·</span> <span class='ocrx_word' id='word_1_442' title='bbox 1532 3110 1535 3113; x_wconf 27' lang='grc' dir='ltr'><strong>Δ</strong></span> <span class='ocrx_word' id='word_1_443' title='bbox 1561 3102 1580 3134; x_wconf 70' lang='lat'>0</span> 
     </span>
    </p>
   </div>
  </div>
 </body>
</html>
