1910 3268
940 198 995 241 65

105 318 318 374 ludereque
331 334 428 362 cum
441 323 587 363 Venere
607 323 829 363 docendum
854 336 954 365 esse.
1016 325 1201 365 Oratione
1226 326 1340 378 plane
1366 327 1581 379 interrupta
1602 328 1730 366 minvs
1750 329 1831 379 jam

106 399 228 428 canos
253 401 340 429 esse
363 389 475 439 dicit,
500 403 620 443 quare
644 404 744 443 puer
764 391 902 432 >vinum
926 398 965 433 et
977 406 1130 446 ,aquam
1147 392 1314 432 miscere
1338 393 1386 432 ad
1411 385 1586 433 animuin
1613 395 1831 434 exhilaran-
1892 418 1898 422 ·

104 453 200 495 dum
219 455 400 508 jubetur,
446 469 536 497 cum
570 469 662 498 mox
694 459 943 499 moriendum
967 460 1020 500 sit
1049 472 1176 512 neque
1200 465 1381 499 mortuus
1413 460 1626 512 quidquam
1659 467 1825 512 expetat.

102 521 225 563 Miror
247 523 354 575 quod
388 524 518 565 nullus
549 524 743 565 editorum
776 526 926 567 diversa
955 527 1071 579 plane
1104 526 1276 566 carmina
1310 527 1520 579 conjuncta
1547 540 1635 567 esse
1672 527 1829 568 viderit:

14 607 15 610 ¹
73 612 77 615 .
102 587 145 630 in
167 590 301 643 priore
326 591 431 632 enim
454 591 661 631 rhetoricis
685 592 837 643 legibus
870 599 1129 646 opponuntur
1152 593 1311 632 bibendi
1345 593 1583 646 ludendique
1616 594 1745 646 leges,
1790 594 1831 634 in

101 657 323 710 posteriore
355 658 406 701 ad
441 658 659 710 potandum
691 672 779 699 sese
813 660 952 700 excitat
981 666 1097 713 poeta
1131 651 1236 712 quod
1261 673 1351 699 mox
1375 660 1591 700 moriturus
1617 661 1682 701 sit.
1741 661 1830 714 Ipsa

12 768 17 775 ,.
38 765 46 773 λ
101 724 356 776 stropharum
387 725 486 764 ratio
512 738 585 777 pro
619 738 705 765 mea
732 727 924 766 sententia
948 732 1118 779 pugnat,
1165 739 1255 765 cum
1282 726 1385 766 enim
1410 740 1455 766 ex
1480 728 1680 779 quaternis
1706 728 1829 768 versi-

38 798 41 799 ’
100 789 178 830 bus
204 791 451 831 constiterint
475 792 598 840 duae,
644 804 744 844 quae
774 794 1011 833 antecedunt
1043 793 1247 845 strophae,
1292 799 1453 845 repente
1487 794 1660 846 quinque
1692 807 1829 834 versus

100 856 261 906 ultimae
283 858 470 910 strophae
495 864 608 907 sunt,
651 871 820 911 quorum
844 861 974 901 nullus
1000 859 1126 900 omitti
1149 864 1294 911 potest.
1353 860 1403 900 At
1426 864 1638 912 utrumque
1670 874 1829 901 carmen

101 914 423 965 ab‘Anacreonte
447 924 750 977 abjudicandum
772 932 852 975 est3
899 927 939 966 in
965 927 1086 968 altero
1112 926 1314 966 rhetorum
1339 926 1445 982 leges
1468 927 1604 978 potius
1630 940 1826 979 gramma-

99 990 220 1031 ticum
254 1004 373 1044 quam
406 998 563 1044 poetam
599 993 797 1041 redolent,
843 1006 921 1045 quo
962 994 1021 1033 vel
1062 993 1220 1033 saeculo
1261 992 1461 1045 posterius
1495 994 1648 1045 primus
1685 995 1830 1035 exstitit

100 1057 266 1109 Gorgias
291 1063 438 1099 orator.
500 1060 603 1099 Tum
629 1060 722 1112 quid
746 1055 904 1101 ἆπαλόν
927 1063 1051 1112 πῶμα
1075 1061 1126 1100 sit
1149 1072 1231 1099 non
1256 1060 1451 1111 intellig03
1483 1061 1716 1101 mutandum
1742 1074 1829 1101 6336

98 1123 270 1165 dicerem
292 1125 334 1165 in
358 1121 522 1165 ἁπαλοῦ
544 1127 667 1177 πῶμα
690 1125 859 1180 Λυαίου
887 1129 935 1168 cf.
959 1129 1023 1168 od.
1048 1124 1087 1176 8,
1112 1124 1152 1176 8,
1186 1127 1261 1167 nisi
1286 1139 1331 1166 ex
1350 1128 1507 1179 χρυσῆς
1527 1140 1686 1180 quoque
1710 1141 1828 1180 quam

98 1191 230 1244 inepte
254 1192 436 1244 epithetis
460 1206 557 1233 usus
583 1193 634 1233 sit
658 1195 936 1245 grammaticus
962 1195 1035 1234 iste
1058 1195 1179 1234 homo
1206 1194 1361 1234 scirem.
1420 1194 1590 1234 Melioris
1617 1200 1735 1235 notae
1769 1201 1830 1235 est

97 1258 262 1300 alterum
296 1260 581 1311 fragmentum,
627 1261 733 1312 quod
767 1262 815 1301 ad
849 1262 1046 1313 poeticam
1078 1268 1202 1301 artem
1233 1261 1424 1313 pertinet;
1463 1261 1533 1300 sed
1566 1261 1659 1301 illud
1696 1259 1828 1313 χάραν

46 1346 49 1347 ’
97 1325 229 1366 statim
253 1327 414 1366 nonnisi
439 1327 577 1367 seriori
603 1328 719 1368 aetati
750 1328 921 1368 adscribi
946 1341 1067 1380 posse
1090 1329 1328 1368 documento
1355 1333 1415 1367 est
1447 1328 1494 1367 cf.
1521 1329 1632 1369 Eust.
1658 1342 1697 1381 p.
1715 1326 1826 1369 1193

98 1392 160 1434 ed.
184 1393 307 1434 Rom:
332 1389 358 1445 ἦ
380 1391 424 1433 δὲ
442 1390 550 1446 κάρα
574 1395 656 1432 τῶν
680 1393 886 1448 νεωτέρων
909 1394 1006 1435 ἐστι’.

209 1461 325 1509 Quod
348 1461 599 1514 paucissimis
635 1461 813 1501 versibus
848 1467 1004 1502 constat
1039 1474 1198 1502 carmen
1235 1462 1578 1514 quadragesimum
1613 1463 1824 1514 septimum

11 1566 14 1569 .
94 1525 163 1578 (Μ.
188 1524 287 1577 λζ’),
322 1540 437 1577 num,
464 1529 497 1568 si
522 1528 753 1568 sententiam
781 1528 1026 1580 spectamus,
1061 1528 1299 1569 Anacreonti
1330 1529 1501 1568 adscribi
1526 1542 1660 1571 annon
1684 1530 1824 1582 possit,

96 1594 251 1634 difficile
281 1595 520 1648 dijudicaris.
571 1595 713 1635 Amare
746 1608 789 1634 36
819 1595 913 1634 dicit
946 1600 1064 1648 poeta
1101 1600 1139 1635 et
1172 1607 1306 1635 senem
1335 1596 1536 1648 jocantem
1573 1601 1611 1636 et
1639 1598 1823 1648 juvenem

14 1706 17 1707 ⁷
93 1661 322 1711 saltantem,
346 1668 558 1715 utrumque
583 1663 838 1715 conjunctum
863 1663 903 1701 in
928 1675 1022 1702 sene
1038 1663 1215 1711 saltante,
1242 1662 1308 1714 qui
1334 1662 1508 1702 crinibus
1533 1675 1663 1711 senex,
1691 1663 1822 1703 animo

15 1751 32 1771 -,
90 1728 245 1780 juvenis
270 1729 334 1769 sit.
383 1730 531 1769 Eadem
555 1730 672 1782 plane
695 1730 799 1768 inest
823 1729 1017 1769 sententia
1042 1730 1083 1768 in
1110 1729 1236 1769 Plauti
1262 1729 1340 1768 Mil.
1370 1729 1476 1769 Glor.
1502 1730 1568 1778 ΠΙ,
1596 1727 1642 1770 1;
1679 1730 1740 1778 „si
1764 1730 1821 1769 al·-

90 1794 168 1835 hus
205 1795 368 1848 capillus
400 1796 465 1835 hic
489 1796 658 1844 videtur,
694 1796 921 1848 neutiquam
956 1796 1113 1846 ingenio
1149 1801 1209 1835 est
1242 1798 1410 1845 senex,“
1453 1796 1523 1835 sed
1548 1797 1626 1836 hoc
1650 1796 1746 1835 nihil
1773 1797 1822 1836 ad

0 1892 18 1911 3„
91 1851 360 1915 antiquitatem
385 1863 597 1903 eruendam
626 1863 798 1910 confert,
841 1875 932 1902 cum
966 1876 1030 1902 res
1055 1864 1141 1915 ipsa
1166 1863 1266 1902 facta
1290 1862 1497 1914 utriusque
1521 1868 1662 1915 poetae
1687 1863 1818 1903 animo

0 1925 29 1969 ²³³]
91 1928 376 1970 obversaretur.
424 1929 589 1970 Etiamsi
615 1926 816 1981 χορευτᾶν
848 1942 938 1968 cum
973 1930 1061 1969 cod.
1087 1929 1264 1968 Palatino
1299 1935 1498 1969 mutemus
1534 1930 1574 1968 in
1604 1927 1816 1981 χορευτήν,

15 2034 22 2045 ⁵
88 2001 221 2036 tamen
243 2001 366 2036 restat
388 1995 482 2036 illud
507 1993 559 2035 ἂν
584 1996 745 2036 atticum
769 2009 842 2047 pro
869 1993 956 2045 ἐὰν,
988 1993 1038 2048 ἢν
1062 1996 1256 2048 positum,
1283 1996 1388 2048 quod
1413 2008 1508 2035 num
1534 1996 1639 2048 apud
1663 1996 1817 2035 ionicos

88 2062 303 2115 scriptores
329 2063 549 2103 inveniatur
571 2063 680 2102 valde
706 2063 856 2102 dubito.
916 2063 1078 2102 Accedit
1108 2063 1213 2114 quod
1244 2058 1411 2115 τερπνός
1444 2062 1522 2101 1106
1546 2055 1743 2101 locosn'on
1769 2063 1817 2101 (16

88 2141 133 2169 ea
157 2142 200 2169 re
223 2135 291 2169 aut
313 2143 485 2182 persona
510 2130 674 2178 dicitur,
700 2142 800 2182 quae
825 2129 909 2168 aliis
936 2130 1218 2170 delectamento
1246 2134 1317 2178 est,
1343 2129 1413 2168 sed
1440 2141 1540 2180 quae
1564 2129 1649 2180 ipsa
1674 2129 1856 2180 gaudet.

0 2191 33 2234 ’κ
86 2200 204 2248 atque
227 2196 463 2246 delectatum
497 2196 752 2236 nihilominus
787 2196 900 2248 prior
933 2197 996 2236 illa
1021 2201 1136 2248 atque
1161 2195 1304 2236 usitata
1328 2195 1438 2234 notio
1464 2195 1504 2233 in
1539 2202 1678 2235 nostro
1711 2209 1813 2247 quo-

4 2264 27 2315 ἐξ
85 2274 162 2314 que
185 2263 274 2303 loco
299 2263 424 2312 inest,
461 2276 551 2303 cum
584 2270 723 2312 senex,
760 2263 828 2315 qui
850 2263 1037 2312 laetatur,
1074 2267 1227 2314 gratum
1262 2262 1450 2314 praebeat
1473 2262 1557 2301 aliis
1593 2267 1812 2314 aspectum.

4 2331 25 2365 ἶι
85 2329 214 2377 Quare
239 2330 441 2378 odarium,
483 2330 615 2382 potius
643 2330 904 2381 fragmentum
939 2330 988 2369 cf.
1025 2329 1186 2380 Wolper
1226 2342 1266 2380 p.
1305 2326 1373 2370 21.
1418 2328 1561 2369 Mehlh.
1597 2329 1636 2368 h.
1672 2329 1697 2367 l.
1734 2329 1810 2368 hac
1848 2319 1853 2323 ’

56 2386 58 2390 ’
83 2384 240 2447 quidem
265 2397 392 2438 forma
415 2398 464 2437 ad
488 2397 774 2437 Anacreontem
800 2401 1003 2436 auctorem
1027 2395 1161 2434 referri
1187 2407 1268 2435 non
1292 2407 1412 2447 posse
1438 2395 1631 2435 existimo.

197 2458 382 2503 Saltantis
408 2476 566 2516 quoque
590 2453 696 2502 senis
721 2463 850 2514 imago
886 2462 1124 2514 proponitur
1152 2461 1269 2501 nobis
1300 2461 1341 2501 in
1366 2461 1540 2501 carmine
1565 2461 1809 2513 quinquage-

81 2529 182 2571 simo
209 2535 348 2582 quarto
375 2530 443 2583 (M.
470 2526 572 2583 va'),
618 2529 724 2582 quod
749 2529 1042 2581 quodammodo
1068 2528 1116 2568 ad
1139 2528 1256 2567 breve
1281 2528 1376 2567 illud
1407 2540 1566 2567 carmen
1590 2529 1715 2579 magis
1741 2541 1807 2567 ex-

79 2595 304 2648 plicandum
330 2596 728 2649 amplificandumque
753 2596 1019 2647 compositum
1043 2595 1196 2635 videtur
1228 2607 1328 2634 esse.
1355 2594 1554 2634 Sententia
1580 2595 1684 2634 enim
1708 2595 1830 2635 haec·

74 2652 156 2716 rest:
182 2662 335 2715 quoties
360 2669 533 2703 amatum
552 2663 734 2715 Cybeben
752 2663 940 2714 juvenum
957 2661 1094 2701 turbae
1118 2661 1285 2700 miscere
1310 2674 1352 2700 se
1369 2661 1483 2709 videt,
1509 2661 1558 2700 ad
1583 2661 1806 2701 saltandum

23 2756 53 2775 >-
79 2729 268 2769 excitatur
300 2742 440 2779 senex,
483 2730 698 2782 exspectari
731 2730 862 2781 ipsum
889 2728 937 2767 ab
964 2734 1093 2768 amato
1128 2740 1275 2780 puerO,
1312 2740 1480 2767 coronas
1506 2727 1635 2767 afferri
1656 2733 1694 2767 et
1728 2727 1804 2766 vini

72 2790 266 2847 ‘poculum
285 2796 420 2849 jubet,
454 2803 498 2836 ut
522 2797 646 2849 quivis
670 2796 798 2836 videat
816 2807 951 2835 senem
977 2800 1015 2834 et
1038 2795 1077 2834 in
1104 2794 1270 2833 dicendo
1297 2799 1334 2833 et
1357 2794 1398 2833 in
1418 2793 1590 2833 bibendo
1617 2800 1655 2833 et
1678 2794 1717 2833 in
1740 2794 1802 2832 fu-

3 2852 33 2904 ἦ
77 2862 200 2902 rendo
225 2869 441 2915 expertum.
471 2864 605 2903 Oratio
631 2863 747 2903 nimis
773 2863 940 2914 abrupta
965 2866 1046 2911 est3
1073 2873 1162 2900 cum
1186 2860 1368 2913 Cybeben
1394 2860 1587 2900 allocutus
1613 2861 1663 2899 sit
1687 2873 1801 2899 versu

3 2916 38 2982 Ji·
78 2929 234 2980 quinto,
278 2929 317 2970 in
352 2931 543 2983 'sequente
573 2929 704 2970 statim
737 2930 831 2969 illud
856 2926 1040 2982 παραδὸς
1071 2928 1120 2968 ad
1154 2928 1377 2967 ministrum
1412 2927 1608 2979 pertinere
1638 2927 1800 2975 videtur,

77 2995 407 3047 quemadmodum
432 2995 599 3050 φερέτω.
649 2997 692 3036 In
714 3002 914 3048 postrema
940 2995 1106 3048 denique
1127 2995 1290 3047 stropha
1324 2994 1467 3034 iterum
1493 2993 1542 3033 ad
1568 2990 1634 3045 ἴδῃ
1659 3005 1799 3044 perso-

1484 3064 1501 3088 5
