1910 3268
954 159 981 199 7

101 290 240 338 postea
268 295 358 324 raro
387 282 675 326 Anacreontem
705 283 866 323 citatum
896 283 1068 324 invenies
1098 295 1180 323 non
1209 282 1340 322 addito
1370 281 1543 333 epitheto
1574 277 1596 320 ὃ
1614 277 1828 332 μελοποιὸς

101 349 126 392 ὃ
153 354 237 394 τῶν
262 352 397 403 μελῶν
414 346 588 403 ποιητής
617 350 666 391 cf.
697 350 795 392 Luc.
834 350 1007 391 Macrob.
1041 363 1075 391 c.
1104 347 1145 390 9.
1177 347 1243 391 13.
1283 350 1424 390 Suidas
1455 361 1486 388 s.
1515 361 1550 389 v.
1594 347 1720 396 Τέως.
1783 348 1828 387 ln

104 420 331 462 universum
351 418 510 471 quidem
527 415 651 469 μέλος
668 417 810 469 elegiS,
835 418 989 467 iambis,
1014 417 1361 470 epigrammatibus
1384 416 1600 470 opponitur
1624 417 1673 456 cs.
1696 414 1826 455 Procl.

103 488 324 528 Chrestom.
351 486 446 526 Exc.
477 499 540 538 ap.
571 485 688 525 Phot.
717 485 818 526 Bibl.
851 485 947 526 Cod.
980 485 1212 526 CCXXXIX.
1253 485 1371 525 Ulrici
1401 484 1500 524 Hist.
1535 484 1601 523 Gr.
1633 496 1745 536 poes.
1777 483 1825 528 ΙΙ,

79 609 82 611 ‚
101 551 269 609 p.-116;
298 546 474 594 carmina
494 552 598 593 enim
623 552 687 592 illa
715 565 816 605 quae
833 550 936 604 μέλη
956 553 1142 598 dicuntur
1160 565 1318 605 semper
1342 553 1391 592 ad
1411 552 1716 591 instrumentum
1737 563 1828 591 mu-

102 623 230 663 sicum
259 626 305 662 ut
331 621 473 674 lyram,
505 612 693 660 citharam
724 620 987 669 canebantur,
1018 633 1221 672 nunquam
1250 619 1528 660 recitabantur.
1578 618 1668 658 Mox
1697 622 1827 657 autem

102 691 207 731 inter
229 688 372 730 melica
402 687 576 727 carmina
606 686 685 726 duo
715 686 882 727 maxime
910 700 1052 738 genera
1083 687 1427 740 disjungebantur3
1467 685 1633 726 alterum
1669 683 1826 739 (χορικὴ

102 755 282 809 ποίησις)
303 768 326 795 a
347 754 478 794 choris
497 754 548 794 ad
566 753 606 793 id
626 753 757 806 ipsum
778 754 996 794 exercitatis
1018 753 1243 803 canebatur,
1265 754 1440 806 strophis
1460 753 1644 793 utebatur
1671 764 1827 792 summa

101 829 186 874 arte
211 822 432 871 elaboratis,
463 821 670 861 saltatione
697 820 964 873 adjuvabatur,
995 827 1123 862 totum
1142 821 1182 861 in
1202 820 1370 874 publicis
1390 820 1523 869 rebus,
1556 820 1595 859 in
1615 819 1724 859 sestis
1744 819 1828 859 die-

101 891 180 933 bus
198 889 447 938 versabatur,
469 889 633 929 alterum
654 901 676 928 a
697 888 860 940 singulis
890 894 957 929 aut
985 889 1164 941 pluribus
1194 889 1244 929 ad
1262 888 1385 942 lyram
1405 887 1630 935 canebatur,
1660 892 1729 926 aut
1757 899 1827 925 eo-

103 959 193 1000 dem
210 958 327 1012 plane
345 962 472 997 metro
501 968 660 1008 semper
689 957 855 1009 repetito
875 956 1009 996 leviter
1037 956 1185 997 fluebat
1204 961 1272 996 aut
1291 955 1466 1008 strophis
1486 954 1671 994 brevibus
1701 965 1829 1006 neque

102 1025 326 1068 artificiosis
357 1023 650 1072 continebatur,
682 1037 783 1076 quae
809 1029 951 1076 poetae
979 1025 1155 1064 animum
1183 1028 1403 1073 moverent,
1434 1021 1669 1062 declarabat.
1728 1020 1829 1070 Huic

102 1093 269 1134 maxime
298 1092 430 1144 generi
459 1091 638 1142 μέλους
666 1104 813 1131 nomen
843 1091 1097 1141 adhaerebam
1126 1092 1167 1132 in
1195 1091 1275 1132 hoc
1303 1090 1391 1143 ipso
1421 1090 1629 1129 Anacreon
1657 1088 1828 1141 palmam

103 1161 203 1203 tulit.
243 1161 290 1200 ln
308 1172 444 1200 amore
464 1164 594 1199 autem
616 1160 778 1212 ejusque
807 1164 846 1198 et
865 1159 1011 1199 deliciis
1034 1166 1073 1200 et
1092 1157 1330 1199 cruciatibus
1360 1157 1528 1198 maxime
1556 1155 1702 1196 versari
1721 1156 1827 1195 Ana-

104 1228 276 1270 creontis
304 1226 443 1267 melica
474 1226 648 1267 carmina
678 1239 760 1266 non
788 1226 1004 1276 mirabere,
1044 1227 1276 1280 praesertim
1305 1226 1339 1266 si
1368 1224 1502 1265 Ioniae
1530 1224 1663 1272 situm,
1691 1222 1830 1276 populi

102 1301 284 1351 naturam
313 1294 425 1334 facile
455 1294 677 1342 excitatam,
709 1307 841 1334 rerum
871 1294 1048 1334 omnium
1078 1295 1302 1334 affluentem
1333 1293 1506 1346 copiam,
1538 1305 1615 1344 qua
1646 1290 1830 1331 utebatur

101 1365 308 1405 Anacreon
324 1361 531 1414 Polycrati,
553 1367 637 1401 tum
656 1361 911 1401 Pisistratidis
933 1360 1293 1414 conjunctissimus,
1313 1360 1490 1413 respicis.
1525 1355 1720 1412 Ἐρωτικὰ
1740 1370 1829 1397 car-

80 1431 210 1473 emina
239 1429 288 1471 ab
320 1429 506 1470 omnibus
525 1428 763 1469 Anacreonti
784 1429 1084 1478 adscribuntur3
1118 1429 1168 1469 cf.
1200 1428 1351 1468 Simon.
1372 1428 1447 1481 Ep.
1478 1427 1597 1467 Anth.
1629 1426 1712 1466 Pal.
1747 1425 1827 1473 VII,

102 1512 143 1553 p.
165 1496 262 1540 313.
283 1511 322 1538 n.
342 1494 419 1538 24:
450 1492 610 1550 κρούων
631 1493 704 1548 τὴν
725 1492 949 1550 φιλόπαιδα
964 1493 1101 1548 χέλυν.
1139 1496 1196 1537 Id.
1217 1496 1335 1536 Anth.
1355 1495 1438 1536 Pal.
1459 1495 1486 1535 l.
1507 1494 1532 1534 l.
1555 1507 1594 1534 n.
1615 1491 1688 1535 25:
1726 1491 1830 1545 μέλη

103 1565 290 1607 πνειόντα
310 1560 553 1616 δ’Ἔρώτων.
591 1565 773 1615 Eugenes
793 1564 837 1603 A.
858 1564 903 1605 P.
917 1564 976 1613 IV,
999 1577 1038 1616 p.
1060 1560 1163 1605 720:
1191 1561 1311 1615 χέλυς
1323 1561 1355 1603 δ’
1370 1560 1481 1615 ὅμως
1499 1559 1571 1602 τὸν
1582 1558 1832 1612 εἷςἜρωτας

102 1632 234 1686 ὕμνον
252 1631 502 1686 ἀθροίζεται.
549 1631 639 1671 Ath.
665 1631 775 1681 XIII,
806 1627 892 1672 600
910 1632 957 1672 d:
990 1628 1181 1685 (Ἔρωτα)
1215 1627 1260 1671 ὅν
1282 1627 1303 1670 ὃ
1334 1628 1464 1684 σοφὸς
1492 1624 1631 1680 ὑμνῶν
1652 1625 1718 1668 ἀεί
1735 1623 1831 1667 ποτε

98 1699 326 1755 Ἀνακρέων
359 1700 482 1740 πᾶσιν
509 1697 594 1738 ἐστὶ
616 1697 683 1737 διὰ
710 1696 930 1750 στόματος.
970 1700 1018 1738 cf.
1040 1699 1173 1751 Antip.
1200 1699 1337 1740 Sidon.
1376 1698 1421 1739 A.
1443 1698 1489 1738 P.
1517 1710 1557 1750 p.
1580 1693 1677 1737 316.
1698 1709 1738 1736 n.
1760 1693 1829 1736 23.

104 1784 144 1824 p.
165 1767 252 1810 314
272 1781 311 1808 ιι.
331 1764 400 1809 27.
422 1780 462 1820 p.
483 1763 568 1806 316
588 1779 627 1807 n.
648 1763 717 1807 30.
758 1780 799 1819 p.
820 1763 905 1808 720
932 1779 971 1807 n.
993 1763 1089 1815 309,
1118 1766 1184 1819 qui
1214 1766 1373 1819 quidem
1400 1765 1478 1805 loci
1509 1770 1548 1804 et
1577 1765 1626 1805 ad
1654 1764 1773 1803 vitam
1795 1768 1834 1802 et

105 1838 154 1878 ad
173 1836 368 1890 poeticam
388 1833 645 1874 Anacreontis
666 1835 858 1874 rationem
879 1835 1070 1874 referendi
1091 1839 1196 1883 sunt,
1218 1834 1313 1886 quin
1335 1834 1514 1874 Clemens
1525 1832 1630 1873 Alex.
1643 1831 1831 1871 Strom.1.

104 1919 144 1958 p.
164 1900 262 1945 365.
282 1903 331 1943 cf.
353 1902 493 1954 Bergk.
513 1904 587 1941 An.
618 1914 658 1954 p.
690 1899 718 1940 7
744 1902 958 1954 excogitata
987 1902 1159 1955 primum
1189 1901 1336 1941 erotica
1372 1901 1547 1941 carmina
1567 1900 1616 1940 ab
1647 1912 1694 1939 eo
1725 1911 1834 1939 essse

106 1972 260 2025 prodit3
289 1971 397 2024 quod
426 1970 602 2022 quamvis
632 1969 888 2010 falsissimum
918 1970 980 2019 sit,
1012 1975 1143 2010 tamen
1181 1969 1318 2022 quanti
1348 1969 1512 2008 fecerint
1547 1972 1695 2007 veteres
1726 1966 1832 2005 Ana-

106 2044 307 2080 creontem
329 2038 370 2078 in
390 2038 468 2077 hoc
488 2049 641 2088 genere,
668 2043 844 2090 apparet.
891 2038 1022 2086 Quare
1051 2043 1118 2078 aut
1148 2050 1239 2077 cum
1268 2036 1434 2085 Alcaeo,
1466 2041 1534 2075 aut
1560 2047 1651 2074 cum
1672 2033 1833 2085 Sappho

107 2105 419 2159 conjungebatur
448 2104 515 2145 ubi
548 2104 788 2144 eroticorum
819 2104 1038 2144 carminum
1057 2103 1156 2144 ratio
1183 2104 1403 2144 habebatur
1429 2105 1477 2144 cf.
1499 2104 1618 2143 Paus.
1640 2101 1670 2150 Ι,
1700 2097 1756 2142 25
1775 2112 1834 2152 sq·

99 2171 326 2227 Ἀνακρέων
346 2174 505 2226 πρῶτος
523 2168 627 2222 μετὰ
647 2168 810 2225 Σαπφὼ
836 2170 911 2223 τὴν
929 2169 1120 2222 Λεσβίαν
1147 2169 1200 2211 τὰ
1229 2168 1360 2211 πολλὰ
1380 2162 1438 2211 ὧν
1465 2168 1641 2224 ἔγραψεν
1667 2165 1836 2222 ἐρωτικὰ

106 2237 294 2293 ποιήσας.
345 2240 506 2291 Gregor.
529 2244 742 2280 comment.
774 2239 815 2278 in
843 2239 1031 2290 Hermog.
1062 2252 1102 2291 p.
1136 2236 1234 2279 914.
1265 2238 1406 2290 Bergk.
1436 2238 1511 2278 An.
1542 2250 1583 2290 p.
1615 2233 1717 2278 265:
1759 2231 1837 2274 ὅσα

108 2307 206 2349 ἐισὶν
226 2305 397 2361 ἐρωτικὰ
418 2302 504 2347 οἷον
531 2305 584 2347 τὰ
597 2304 885 2359 Ἀνακρέοντος
903 2304 956 2346 τὰ
976 2306 1189 2361 Σαπφοῦς.
1227 2306 1332 2346 Sext.
1363 2305 1513 2357 Empir.
1534 2304 1620 2345 adV.
1652 2303 1837 2343 Mathem.

107 2377 137 2425 Ι,
160 2374 227 2427 13,
250 2372 345 2416 197.
385 2375 585 2415 Adnotatt.
617 2374 747 2415 Procl.
780 2374 1000 2415 Chrestom.
1022 2375 1062 2414 in
1092 2374 1304 2427 Hephaest.
1337 2372 1398 2413 ed.
1432 2372 1552 2413 Gaisf.
1583 2384 1624 2423 p.
1653 2366 1759 2412 425:
1801 2366 1839 2407 οἱ

67 2481 69 2483 .
107 2442 182 2495 μὲν
211 2442 546 2495 ἔρωτομανεῖς
573 2440 640 2481 καὶ
669 2439 847 2492 μέθυσοι
876 2439 952 2490 τὰς
974 2440 1158 2482 Ἀλκαίου
1189 2441 1254 2480 καὶ
1281 2437 1631 2493 Ἀνακρέοντος
1659 2433 1839 2488 ποιήσεις

110 2509 289 2563 λέγοντες
315 2508 660 2563 προσεκκαιόνται.
712 2510 812 2549 Huic
841 2510 918 2562 ipsi
949 2510 1168 2550 carminum
1190 2508 1321 2559 generi
1351 2506 1610 2547 adscribenda
1631 2510 1724 2546 sunt
1743 2505 1840 2543 haec

108 2577 367 2618 Anacreontis
389 2578 603 2629 fragmenta
626 2577 671 2616 sr.
692 2574 732 2616 3.
754 2574 795 2616 4.
817 2573 857 2617 5.
881 2574 947 2616 13.
972 2574 1038 2616 16.
1063 2574 1128 2616 17.
1152 2574 1220 2616 21.
1243 2573 1312 2616 23.
1335 2571 1402 2614 30.
1426 2571 1492 2614 39.
1506 2571 1575 2613 42.
1602 2570 1668 2613 43.
1689 2569 1758 2611 44.
1770 2568 1839 2610 45.

110 2643 181 2686 47.
201 2642 271 2686 49.
293 2642 362 2685 56.
383 2641 451 2684 60.
482 2641 553 2684 65.
571 2641 652 2701 ν71.
685 2641 752 2683 77.
786 2641 855 2684 79.
887 2641 956 2684 80.
978 2641 1045 2683 89.
1072 2640 1140 2683 93.
1174 2640 1268 2683 107.
1294 2638 1388 2682 108.
1414 2639 1507 2681 131.
1543 2638 1636 2681 133.
1670 2635 1764 2679 135.
1786 2660 1841 2666 —-

113 2713 216 2761 Quid
237 2718 367 2753 autem
399 2713 446 2751 de
466 2711 749 2751 Anacreonteis
773 2711 1014 2750 carminibus
1050 2709 1292 2750 dicendum?
1339 2709 1597 2749 Inveniuntur
1625 2720 1720 2746 sane
1751 2717 1838 2745 car-

110 2780 228 2829 mina,
250 2793 351 2832 quae
368 2786 451 2820 tota
471 2779 511 2819 in
532 2791 666 2818 amore
688 2784 893 2818 versantur
911 2778 1038 2831 iisque
1058 2777 1289 2830 plerumque
1309 2790 1329 2817 a
1353 2775 1630 2828 grammaticis,
1652 2770 1842 2827 ἐρωτικὸν

110 2844 289 2899 α’δάριον
310 2848 542 2899 inscriptum
564 2851 624 2886 cst
653 2843 683 2894 ε’,
703 2842 760 2894 θ’,
783 2841 820 2893 ι’,
844 2841 912 2896 ιβ’,
934 2842 996 2898 ιγ’,
1020 2841 1080 2895 ιζ’,
1104 2842 1312 2898 (ἐρωτικὸν
1333 2838 1541 2896 ὠὸάριον),
1573 2838 1650 2892 κβ,
1682 2837 1754 2893 κγ’,
1780 2835 1841 2878 κὸ’

76 2946 78 2948 v
113 2910 360 2967 (ἐρωτικόν),
383 2913 438 2962 κέ,
460 2910 496 2953 κ’
518 2910 549 2961 ς’
575 2910 782 2966 (ἐρωτικὸν
804 2910 1020 2966 ὠδάριον),
1043 2908 1154 2961 κς’·ζ-,
1186 2909 1240 2961 κζ
1256 2941 1266 2959 ,
1296 2910 1390 2959 κζΐ,
1420 2907 1492 2962 κή,
1525 2907 1591 2950 κέν
1616 2903 1841 2961 (ἐρωτικόν)

112 2977 162 3030 [λ’
174 2982 315 3022 «licitur
333 2982 488 3034 quidmn
508 2978 709 3034 ἐρωτικόν,
733 2982 800 3020 sed
821 2981 934 3033 plane
957 2981 1005 3021 ad
1022 2979 1208 3032 παροίνια
1229 2979 1472 3019 referendum
1495 2976 1657 3025 videtur]
1680 2970 1755 3020 λα’,
1770 2972 1843 3019 λό’,
