1910 3268
906 139 963 184 76

70 269 239 310 volentia
273 275 517 322 quantopere
547 268 588 308 in
620 279 685 307 me
718 267 931 316 redundet,
957 267 1063 307 nulla
1098 266 1292 307 oblivione
1326 266 1615 318 exstinguetur,
1647 264 1695 305 de
1717 264 1796 306 hoc

72 335 161 376 loco
189 336 450 385 consulerem,
477 335 534 375 sic
557 335 689 374 locum
716 334 940 380 constituit:

618 401 803 454 Βρομίου
829 400 978 454 στέγων
996 397 1043 441 τὸ
1064 401 1180 451 νᾶμα

616 466 723 508 κατὰ
748 464 904 523 φύλλον
924 466 1030 509 κατὰ
1054 469 1191 508 κλῶνα
1234 477 1238 481 ”

615 537 837 589 σταφυλῶν
861 533 1006 588 ἤνθισε
1030 531 1200 589 καρπός.

71 605 185 645 Illud·
206 602 396 658 στέφεται
431 608 595 656 propter
634 608 804 643 metrum
843 604 926 657 jam
960 604 1051 644 ferri
1081 603 1237 656 nequit3
1286 602 1398 644 facile
1440 602 1480 641 in
1528 602 1664 643 codice
1703 590 1800 643 'nihil

71 672 274 724 legebatur
314 671 391 711 nisi
426 684 550 723 στεφ-
582 676 650 711 aut
680 685 801 723 στεγ-
839 671 880 711 in
913 685 991 724 quo
1025 671 1173 712 librarii
1219 667 1397 727 στέγεται
1431 671 1562 711 inesse
1587 675 1799 723 putarunt.

74 739 179 780 Tum
203 736 393 779 καθελών
418 738 599 792 explicari
623 739 740 791 plane
765 751 846 778 non
871 744 1025 791 potest3
1051 738 1252 792 quaeritur
1281 744 1411 778 autem
1438 739 1550 791 cujus
1569 738 1627 778 rei
1650 738 1800 778 fructus

72 807 310 858 intelligatur
343 807 421 846 hoc
452 807 564 855 loco;
599 807 820 858 σταφυλῶν
856 806 953 846 duas
989 811 1141 846 tantum
1176 807 1324 846 litteras
1359 806 1531 846 diversas
1565 805 1686 846 habet
1719 818 1739 851 ς
1764 810 1803 844 et

72 889 111 924 v,
138 876 173 914 θ
198 874 303 914 enim
340 879 379 913 et
403 887 433 927 φ
469 874 605 913 eadem
639 874 718 912 fere
753 874 877 913 forma
913 873 1153 913 scribuntur.
1211 874 1260 913 At
1294 887 1339 914 ex
1369 874 1430 913 his
1457 873 1642 913 omnibus
1667 877 1801 926 utrum

75 942 291 993 genuinum
316 954 451 981 annon
476 941 527 981 sit
542 953 723 997 carmen,
749 941 865 993 plane
889 953 972 980 non
997 946 1183 993 apparet3
1208 941 1357 980 librarii
1387 941 1521 994 potius
1556 952 1675 993 quam
1701 938 1801 978 seri-

74 1009 201 1062 ptoris
236 1009 374 1061 culpae
403 1008 478 1048 hae
513 1007 761 1047 difficultates
787 1007 1018 1047 tribuendae
1043 1013 1149 1048 sunt.
1205 1008 1346 1058 Recte3
1371 999 1661 1064 praetermissis
1685 1006 1803 1061 igitur

77 1081 248 1129 quatuor
279 1075 459 1116 versibus
486 1075 553 1126 qui
579 1080 646 1114 aut
670 1087 692 1114 a
718 1074 883 1114 librariis
909 1080 977 1114 aut
1001 1088 1022 1114 a
1046 1080 1163 1127 poeta
1188 1076 1241 1115 ita
1281 1075 1457 1128 corrupti
1493 1080 1598 1124 sunt,
1629 1073 1803 1126 reliquos

73 1155 394 1196 percenseamus.
453 1141 576 1181 Miror
608 1142 715 1194 quod
749 1154 867 1182 nemo
902 1141 1098 1182 editorum
1132 1144 1306 1182 offensus
1353 1148 1414 1183 est
1444 1141 1638 1182 vocabulo
1677 1135 1806 1181 Τιτάν

76 1211 208 1252 Solem
233 1210 491 1262 significante.
552 1211 787 1262 Quanquam
813 1209 917 1249 enim
943 1210 1163 1249 secundum
1187 1210 1405 1250 Hesiodum
1415 1210 1630 1263 Hyperion‚
1655 1200 1802 1249 secun*-

75 1279 177 1319 dum·
204 1278 300 1318 alios
337 1277 406 1317 Sol
438 1278 525 1331 ipse
548 1277 652 1317 inter
687 1277 847 1317 Titanes
884 1275 1011 1316 Gaeae
1044 1277 1242 1330 Uranique
1272 1278 1373 1318 filios
1410 1282 1652 1327 numeratur,
1672 1281 1805 1317 tamen

75 1346 181 1399 apud
204 1345 368 1385 Latinos
403 1345 562 1385 demum
594 1350 733 1397 poetas
771 1346 819 1384 cf.
846 1344 950 1395 Virg.
985 1344 1082 1384 Aen.
1108 1344 1175 1394 III,
1202 1342 1285 1385 119
1320 1345 1387 1385 Sol
1413 1346 1530 1385 Titan
1554 1342 1639 1385 κατ’
1662 1340 1806 1396 ἐξοχὴν

76 1425 156 1452 non
184 1412 256 1453 alia
282 1412 568 1463 significatione
602 1413 752 1465 adjecta
777 1412 938 1461 dicitur3
964 1411 1055 1452 inde
1080 1412 1128 1452 ad
1155 1413 1327 1453 Graecos
1353 1418 1491 1465 poetas
1510 1425 1608 1453 usus
1634 1411 1804 1451 transla-

78 1486 141 1520 tus
165 1480 318 1521 videtur
342 1492 443 1520 esse.
506 1480 654 1520 Omnes
681 1480 783 1520 enim
812 1479 1052 1519 Graecorum
1073 1485 1280 1531 poetarum
1311 1480 1389 1519 loci
1415 1480 1462 1520 ad
1495 1480 1620 1520 multo
1655 1478 1805 1526 seriora
1832 1533 1835 1535 ,
1862 1516 1866 1518 ,

76 1553 256 1600 tempora
280 1546 480 1600 pertinent
504 1548 551 1587 cf.
577 1547 623 1587 A.
650 1547 733 1588 Pal.
755 1547 856 1600 App.
875 1547 949 1599 Ep.
974 1543 1110 1599 p.880
1132 1560 1166 1587 V.
1181 1544 1265 1587 394
1290 1547 1353 1601 (ex
1376 1547 1536 1587 Adriani
1561 1546 1703 1599 aetate)
1733 1545 1806 1584 Τι-
1838 1535 1841 1537 ’

76 1612 156 1655 τὰν
187 1610 319 1655 ἐλάων
342 1615 518 1654 λευκοῖσι
537 1613 762 1662 -ἵπποις,
798 1615 843 1654 A.
869 1615 914 1654 Ρ.
941 1615 1037 1655 XIV.
1073 1628 1113 1667 p.
1141 1611 1225 1655 566
1257 1628 1296 1655 n.
1323 1612 1379 1656 72
1404 1613 1467 1666 (ex
1489 1613 1619 1654 Rufini
1644 1611 1806 1663 aetate):

78 1680 198 1736 ἀνέχῃ
233 1678 389 1736 δρόμον
425 1679 580 1735 ὄρθρια
612 1678 755 1722 Τιτάν.
782 1682 935 1735 Synesii
964 1682 1010 1722 A.
1036 1683 1081 1723 P.
1107 1682 1208 1735 App.
1235 1683 1308 1735 Ep.
1337 1696 1376 1735 p.
1402 1679 1486 1723 789
1510 1695 1549 1722 n.
1567 1678 1636 1723 92.
1671 1679 1808 1733 Ejusd.

76 1751 210 1803 hymn.
236 1750 278 1800 V,
304 1747 382 1792 21:
414 1750 477 1790 σοὶ
510 1749 585 1802 μὲν
613 1747 737 1789 Ίιτὰν
767 1746 918 1789 ἱππεύει
951 1747 1052 1802 ἠοῦς
1082 1747 1279 1801 ἄσβεστος
1309 1746 1431 1803 παγά.
1466 1750 1507 1790 h.
1532 1749 1596 1799 IX,
1622 1745 1698 1790 38:
1733 1745 1831 1806 τάνΙ

78 1816 267 1872 εὖρυφαῆ
298 1813 432 1868 κόμαν
464 1814 595 1856 Τιτὰν
629 1813 893 1858 ε’πετάσσατο.
930 1818 1067 1866 Quarev
1083 1818 1191 1858 nullo
1217 1824 1334 1870 pacto
1360 1822 1449 1857 ante
1474 1817 1693 1857 secundum
1716 1820 1812 1869 post

79 1885 279 1926 Christum
304 1890 442 1925 natum
467 1885 644 1926 seculum
670 1886 816 1925 referre
839 1898 1055 1937 possumus
1083 1898 1244 1925 carmen
1267 1885 1404 1925 Atticis
1431 1884 1546 1925 etiam
1571 1883 1708 1924 formis
1732 1895 1808 1923 no-

77 1958 202 1993 tatum
229 1954 278 1993 cf.
314 1966 350 1992 v.
375 1950 425 1993 7:
461 1950 635 2007 ἀφελῶς.
661 1949 710 1993 8;
746 1955 936 2005 νεφελῶν.
964 1950 1039 1994 12:
1077 1955 1199 2003 νᾶμα.
1246 1951 1516 1992 Mehlhornius
1542 1952 1661 2008 Anth.
1692 1964 1732 2004 p.
1757 1946 1814 1990 30

77 2021 176 2060 haec
200 2012 292 2060 non'
308 2032 452 2060 curans
478 2021 653 2060 secundo
680 2018 968 2060 distributionis
994 2033 1089 2061 suae
1115 2020 1243 2059 ordini
1267 2032 1427 2060 carmen
1451 2019 1673 2072 adscripsit.

191 2087 367 2127 Alterum
398 2101 476 2140 quo
517 2100 584 2127 ver
613 2087 839 2127 celebratur·
865 2100 1023 2127 carmen
1057 2088 1103 2127 fr.
1130 2087 1196 2127 111.
1224 2084 1345 2139 (233),
1382 2087 1551 2140 pertinet
1581 2087 1630 2127 ad
1663 2086 1704 2126 id
1724 2098 1809 2126 me-

79 2155 131 2195 dii
157 2155 240 2196 aevi
263 2160 434 2207 tempus,
461 2168 540 2207 quo
566 2167 695 2207 neque
720 2155 932 2208 prosodiae
955 2168 1085 2208 neque
1109 2154 1336 2207 quantitatis
1362 2167 1462 2207 quae
1486 2154 1629 2195 dicitur
1639 2153 1807 2207 syllaba-

78 2214 167 2263 rum
192 2235 328 2263 curam
351 2222 551 2262 habebant
586 2227 736 2274 poetae,
771 2223 841 2263 sed
875 2222 971 2262 nihil
1005 2222 1239 2275 spectabant
1261 2222 1337 2261 nisi
1371 2227 1416 2262 ut
1440 2227 1589 2262 certum
1614 2220 1811 2274 quendam

80 2290 316 2342 syllabarum
351 2302 560 2329 numerum
596 2295 797 2330 servarent
830 2295 945 2342 atque
980 2295 1165 2330 accentus
1200 2290 1241 2330 in
1273 2289 1488 2343 penultima
1512 2294 1727 2342 poneretur
1761 2287 1810 2328 cs.

79 2357 287 2397 Henrichs.
316 2357 364 2396 de
387 2357 468 2409 pol.
494 2369 595 2397 vers.
623 2370 662 2409 p.
694 2354 762 2396 37.
811 2356 1004 2396 Carminis
1037 2357 1231 2398 sententia
1263 2370 1345 2396 non
1377 2357 1509 2409 inepta
1544 2361 1603 2396 est
1633 2354 1811 2409 quamvis

80 2425 301 2473 obscoena,
354 2437 483 2477 neque
522 2424 570 2464 ab
615 2424 744 2463 ionica
785 2424 948 2464 dialecto
984 2424 1146 2464 descivit
1178 2430 1307 2477 poeta.
1376 2425 1503 2473 Quam
1537 2411 1720 2477 pulcrum
1762 2421 1814 2463 sit

80 2492 268 2532 describit
293 2492 494 2532 ambulare
519 2492 559 2531 in
593 2491 715 2544 pratis
740 2491 917 2544 Zephyro
953 2492 1134 2541 afflante,
1185 2492 1416 2545 conspicere
1445 2491 1543 2531 vites
1576 2495 1810 2540 crescentes

80 2559 155 2600 sub
182 2559 341 2599 frondes
365 2559 441 2598 labi
467 2559 636 2611 puellam
662 2564 871 2599 tenentem.

196 2626 283 2666 Huc
303 2627 473 2678 pertinet
500 2626 717 2667 vindemiae
737 2627 962 2680 descriptio,
992 2640 1092 2680 quae
1120 2616 1325 2667 exhibetur
1345 2626 1518 2667 carmine
1547 2626 1619 2667 LII
1636 2624 1705 2679 (M
1718 2621 1813 2679 νη’).

86 2695 244 2735 Initium
267 2694 384 2746 plane
408 2694 528 2743 deest,
556 2707 683 2747 neque
707 2700 839 2735 tamen
861 2694 1027 2747 periisse
1050 2695 1211 2735 dixerim
1237 2695 1275 2735 in
1298 2695 1364 2735 tali
1387 2695 1541 2735 odario:
1567 2694 1615 2735 a'd
1634 2694 1814 2746 imaginis

86 2762 189 2801 enim
210 2761 431 2813 exemplum
442 2761 708 2813 compositum
726 2762 898 2811 videtur3
912 2762 997 2802 sine
1010 2762 1130 2802 dubio
1148 2775 1285 2802 versus
1298 2762 1459 2802 Homeri
1470 2762 1513 2818 Il.
1526 2760 1657 2810 XVIII,
1675 2757 1816 2801 560-

81 2826 180 2878 575,
208 2828 376 2869 maxime
395 2824 632 2868 567—68:
659 2828 900 2882 παρθενικαὶ
914 2827 957 2868 δὲ
975 2830 1040 2869 καὶ
1063 2827 1197 2882 ἠΐθεοι
1220 2826 1353 2869 ἀταλὰ
1375 2826 1614 2882 φρονέοντες
1633 2830 1818 2876 πλεκτοῖς

85 2896 128 2935 ἐν
150 2893 363 2949 ταλάροισι
389 2893 519 2949 φέρον
543 2895 739 2948 μελιηδέα
765 2893 922 2950 καρπόν
947 2902 1088 2950 poetae
1113 2897 1438 2938 obversabantur.
1475 2895 1678 2936 Prodeunt
1702 2895 1816 2948 juve-

83 2977 160 3003 nes
186 2977 275 3005 cum
291 2963 432 3016 puellis
443 2975 624 3004 racemos
636 2964 816 3013 ferentes,
842 2964 979 3017 quovis
994 2963 1035 3004 in
1047 2964 1234 3005 torculari
1254 2964 1454 3006 calcantur
1470 2963 1637 3015 racemi3
1662 2962 1817 3016 hymnis
