1910 3268
921 137 977 183 72

206 269 249 307 111
263 268 372 307 disco
387 272 571 318 argenteo
595 264 856 305 describendo
880 269 1058 317 versatur
1080 275 1238 304 carmen
1259 261 1626 314 quinquagesimum
1647 260 1820 313 primum

105 332 263 386 (Mag-¹),
287 334 393 386 quod
404 333 579 386 pessimo
592 331 752 371 serioris
765 331 902 372 aetatis
915 336 1055 384 poetae
1067 329 1372 371 adscribendum
1384 342 1471 369 esse
1493 329 1625 368 omnia
1642 327 1815 382 probant

99 402 270 454 primum
300 401 405 440 enim
427 413 527 452 quae
547 398 666 438 disco·
678 398 874 450 insculpta
895 403 979 438 erat
1005 397 1134 449 imago
1154 396 1314 437 Veneris
1338 397 1468 436 nudae
1487 396 1671 445 natantis,
1702 407 1821 449 quam
1882 406 1887 411 ’

94 468 340 508 circumdent
357 468 523 507 Amores
550 466 588 505 in
622 465 815 518 delphinis
854 465 1072 517 equitantes
1099 464 1308 516 piscesque
1340 464 1548 512 saltantes,
1589 463 1750 511 nonnisi
1776 463 1825 503 ad

93 535 260 576 Romani
283 534 436 586 imperii
457 539 611 585 tempus
628 532 837 585 pertinent,
865 545 942 584 quo
963 531 1024 571 his
1045 531 1212 571 maxime
1232 531 1385 571 lusibus
1399 531 1591 571 Amorum
1601 530 1827 583 gaudebant

50 615 53 617 ’
94 602 247 642 nobiles
278 600 468 649 Romani3
507 605 589 640 tum
620 600 727 652 quod
757 600 798 639 in
829 599 1098 639 describendis
1117 598 1353 650 imaginibus
1383 598 1656 650 gravissimum
1677 603 1749 647 est,
1781 601 1825 638 ut

47 704 51 707 .
94 669 277 709 distincte
306 664 482 722 singulae
521 680 585 720 res
622 667 895 720 disjungantur
925 674 1053 718 neque
1083 666 1345 718 epithetorum
1387 672 1454 706 aut
1483 665 1825 718 comparationum

95 743 249 776 tumore
261 740 416 787 tegatur
431 735 583 774 interna
604 747 736 774 rerum
750 734 942 783 confusio,
962 734 1002 773 id
1011 733 1172 773 minime
1184 739 1321 773 nostro
1332 738 1472 786 poetae
1483 733 1736 773 tribuendum
1751 737 1822 773 est.

100 804 348 856 Quamquam
375 803 479 842 enim
499 816 534 842 v.
550 799 604 842 10
627 802 721 841 dixit
741 798 818 840 ὅσα
829 799 887 853 μὴ
911 801 1033 852 θέμις
1047 798 1082 839 δ’
1104 798 1284 854 ὁρᾶσθαι
1303 796 1411 851 μόνα
1430 802 1540 852 κῦμα
1559 796 1824 853 συγκαλύπτει

96 876 133 910 et
154 870 238 910 aliis
260 883 305 910 ex
327 870 425 909 locis
447 874 621 922 apparet,
655 869 748 921 quid
768 869 861 908 illud
887 865 963 907 ὅσα
987 865 1045 920 μὴ
1064 866 1186 918 θέμις
1205 868 1256 908 sit
1285 869 1333 908 cf.
1361 868 1544 908 Parmen.
1573 868 1690 908 Anth.
1711 867 1819 908 Plan.

93 938 155 978 IV.
177 951 217 991 p.
245 934 328 978 691
351 949 391 976 n.
412 934 517 979 216;
541 939 712 989 θνητοῖς
737 933 885 984 κάλλος
908 934 1030 984 ἔδειξε
1055 933 1153 976 ὅσον
1177 934 1322 987 θέμις·
1348 934 1391 975 αἱ
1421 934 1456 974 δ’
1482 932 1577 977 ὑπὸ
1603 933 1823 983 κόλποις

96 1003 295 1058 ἄγνωστοι
317 1003 491 1058 μορφαί.
518 1004 701 1043 Democr.
726 1004 771 1044 A.
795 1004 905 1044 Plan.
918 1004 977 1052 IV,
1000 1017 1039 1056 p.
1064 1000 1159 1043 680.
1181 1015 1222 1043 11.
1237 999 1339 1043 180:
1361 1003 1553 1057 στέρνα
1573 999 1702 1055 μόνον
1726 1002 1825 1058 φαί-

95 1086 225 1113 νουσα
249 1070 301 1112 τὰ
320 1070 389 1111 καὶ
408 1072 544 1123 θέμις,
574 1076 706 1111 tamen
728 1084 763 1111 v.
787 1068 841 1111 19
865 1071 967 1110 inter
987 1071 1130 1111 collum
1154 1076 1192 1110 et
1210 1075 1349 1123 pectus
1365 1071 1448 1124 jam
1469 1071 1615 1111 undam
1639 1071 1826 1111 incidisse

97 1145 264 1180 enarrat.
291 1139 339 1179 At
365 1138 532 1194 maxime
554 1138 594 1177 in
615 1138 794 1178 versibus
805 1135 987 1179 11—16
1012 1138 1193 1178 eruendis
1215 1138 1490 1179 laboraverunt
1510 1139 1583 1178 viri
1600 1139 1718 1188 docti,
1739 1139 1824 1191 ple-

97 1219 264 1259 rumque
288 1208 445 1255 frustra,
473 1218 564 1246 cum
590 1218 637 1244 ne
662 1207 802 1258 poetae
828 1205 1007 1258 quidem,
1040 1205 1133 1258 quid
1159 1205 1233 1245 sibi
1260 1206 1446 1255 voluerit,
1485 1206 1667 1246 distincte
1692 1205 1824 1246 animo

99 1274 347 1313 obversatum
365 1287 462 1313 -esse
487 1273 673 1313 videatur.
718 1273 930 1324 Ingeniose
951 1273 1108 1325 quidem
1134 1272 1403 1315 Mehlhornius
1428 1287 1545 1314 versu
1579 1273 1824 1326 transposito
1850 1303 1858 1315 .

99 1354 182 1382 rem
207 1341 259 1381 ita
291 1341 526 1381 enucleavit:
562 1340 629 1389 „in
647 1340 786 1380 undas
811 1341 938 1380 musci
963 1353 1133 1392 superne
1159 1340 1235 1380 albi
1266 1340 1391 1381 instar
1414 1342 1462 1382 ad
1489 1354 1575 1381 eam
1596 1340 1826 1382 adludentes

101 1422 248 1462 corpus
285 1409 478 1448 inclinans
511 1408 682 1447 dissecat
716 1407 860 1447 teneris
887 1407 1071 1447 manibus
1106 1413 1196 1447 ante
1237 1420 1280 1448 se
1313 1409 1478 1449 fluctum
1490 1410 1528 1458 ;“
1570 1409 1827 1450 nihilominus

100 1476 323 1517 consentire
336 1489 416 1515 non
438 1484 617 1528 possum,
642 1487 844 1527 nunquam
858 1474 961 1515 enim
982 1473 1601 1526 πλοῦν-ἆλαλημένονζυηᾱοε
1613 1476 1829 1516 alludentes

100 1544 287 1597 conjungi
311 1548 494 1596 possunt,
521 1554 611 1582 cum
636 1542 677 1581 in
699 1543 822 1588 πλοῦς
845 1547 973 1581 certae
995 1542 1200 1595 cujusdam
1221 1542 1448 1583 directionis
1468 1543 1700 1594 significatio
1721 1543 1827 1591 insit,

101 1611 164 1651 cui
184 1616 379 1664 repugnat
403 1607 685 1660 ἀλαλημένονς
710 1615 791 1649 tum
803 1605 1129 1663 βρύον-ὕπερθε
1151 1606 1297 1649 λευκόν
1320 1610 1430 1650 vertit
1450 1623 1633 1654 muscum
1654 1623 1826 1663 superne

101 1666 246 1726 album,
272 1678 376 1718 unde
389 1677 589 1730 oppositio
611 1677 726 1730 plane
739 1677 871 1729 inepta
892 1677 1081 1726 nascitur,
1106 1682 1150 1718 ut
1173 1677 1302 1718 Venus
1322 1691 1480 1731 quoque
1491 1690 1663 1730 superne
1675 1683 1827 1718 tantum

102 1745 270 1792 condida
295 1745 412 1785 suerit
436 1746 484 1784 cf.
510 1745 670 1784 Richter
693 1758 732 1797 p.
760 1742 865 1793 1473
892 1745 1024 1797 potius
1046 1750 1090 1784 ut
1110 1757 1144 1784 v.
1170 1740 1196 1783 5
1221 1741 1376 1799 ὕπερθε
1395 1745 1566 1797 pertinet
1589 1746 1638 1785 ad
1659 1742 1828 1799 χάραξε,
1878 1789 1886 1796 ,

101 1814 159 1854 sic
178 1814 256 1852 hoc
275 1813 364 1852 loco
391 1813 615 1853 necessario
643 1812 691 1852 ad
711 1809 948 1863 ἀλαλημένη
974 1812 1153 1852 refertur.
1179 1812 1305 1864 Atque
1326 1813 1432 1865 quod
1457 1812 1731 1864 gravissimum
1753 1818 1826 1861 est,

101 1893 295 1933 quaenam
321 1879 449 1919 existit
468 1879 714 1919 Mehlhornio
740 1885 901 1919 auctore
927 1879 1202 1932 comparatio?
1246 1880 1352 1919 Mare
1371 1880 1498 1932 ipsam
1519 1879 1695 1920 alludens
1715 1893 1827 1920 com-

1876 0 1910 95 ’1

1907 125 1910 153 l

1899 251 1910 289 Ἀ

1888 294 1896 326 J

101 1953 263 2005 paratur
284 1960 375 1987 cum
401 1947 485 1998 alga
520 1959 692 1999 superne
715 1952 896 1995 natante,
932 1947 1061 1987 Venus
1088 1952 1227 1988 natans
1262 1955 1353 1988 cum
1385 1960 1514 1996 mare,
1536 1960 1614 1999 quo
1636 1947 1721 1998 alga
1745 1948 1823 1987 ser·
1879 1958 1906 1962 ·’

100 2023 176 2055 tur.
223 2016 313 2055 Non
335 2014 448 2055 facile
481 2014 605 2066 magis
636 2019 858 2054 contortam
889 2015 1141 2067 ineptamque
1172 2015 1508 2067 comparationem
1534 2014 1827 2066 excogitaveris.

101 2082 339 2135 Simpliciter
362 2087 407 2121 ut
429 2081 528 2121 infra
549 2094 638 2121 cum
659 2081 739 2120 lilio
760 2081 871 2122 violis
895 2081 1116 2121 intermixto
1143 2081 1200 2122 sic
1218 2083 1296 2122 hoc
1319 2082 1408 2122 loco
1422 2082 1609 2121 Venerem
1630 2094 1721 2121 cum
1742 2081 1827 2134 alga
1886 2085 1892 2087 ⁴

101 2163 222 2203 supra
246 2162 354 2189 mare
375 2154 534 2189 natante
560 2149 801 2204 comparavit
824 2154 954 2201 poeta.
1006 2150 1094 2197 Quo
1121 2150 1234 2203 plura
1260 2154 1390 2190 autem
1414 2149 1620 2201 participia
1651 2149 1828 2190 cumula-

99 2217 153 2257 vit
172 2217 219 2257 ad
245 2216 454 2268 imaginem
478 2216 700 2257 accuratius
728 2216 1043 2266 describendam,
1067 2230 1112 2257 eo
1138 2218 1227 2270 plus
1252 2217 1352 2257 lucis
1377 2215 1536 2268 imagini
1561 2217 1734 2272 detracta
1754 2221 1827 2257 est.

99 2284 166 2324 Vix
191 2297 292 2336 opus
319 2289 379 2323 est
403 2284 561 2323 animos
585 2284 832 2324 advertamus
853 2284 902 2323 ad
926 2284 1218 2336 ineptissimum
1242 2284 1409 2333 initium,
1435 2272 1485 2323 ad
1509 2283 1720 2336 repetitum
1745 2280 1828 2336 ἄρα

99 2367 172 2400 τις,
198 2352 246 2392 ad
269 2355 444 2402 μανεῖσα
465 2349 597 2402 τέχνα,
628 2351 677 2390 ad
708 2348 800 2397 νόος
822 2341 872 2398 ’ἔς
890 2349 1016 2397 θεοὺς
1049 2349 1229 2403 ἀερθεὶς,
1264 2351 1370 2391 unde
1403 2351 1496 2404 quid
1525 2350 1640 2403 pretii
1666 2351 1830 2391 carmini

100 2419 354 2459 tribuendum
380 2418 430 2458 sit
455 2418 698 2470 colligamus.
744 2418 877 2458 Tertio
902 2418 991 2457 loco
1018 2419 1143 2471 qualis
1170 2418 1289 2458 fuerit>
1308 2423 1425 2470 poeta
1449 2431 1494 2458 ex
1521 2417 1666 2458 doricis
1691 2418 1829 2459 formis
1888 2450 1891 2451 ν

101 2487 241 2527 ionicis
275 2486 361 2525 sine
398 2486 534 2525 ordine
564 2485 796 2525 intermixtis
833 2486 880 2525 cf.
912 2497 947 2525 v.
982 2483 1023 2528 2.
1059 2483 1098 2526 5.
1134 2483 1175 2526 6.
1208 2482 1248 2526 8.
1283 2482 1323 2525 9.
1359 2482 1426 2526 12.
1457 2482 1526 2526 22.
1565 2485 1660 2525 satis
1690 2484 1828 2526 elucet.

101 2554 290 2594 Cumulus
326 2553 438 2606 quasi
468 2553 517 2593 ad
546 2553 645 2592 haec
676 2552 809 2592 omnia
833 2552 1003 2602 accedit,
1035 2553 1143 2606 quod
1177 2553 1330 2593 vocales
1352 2568 1390 2601 α,
1418 2566 1480 2602 ι,υ
1505 2564 1578 2605 pro
1607 2551 1734 2595 lubitu
1764 2552 1838 2593 autv

98 2621 366 2674 corripiuntur
390 2625 458 2660 aut
492 2619 767 2672 producuntur
801 2621 848 2660 cf.
886 2633 921 2658 v.
950 2616 990 2659 5.
1025 2617 1066 2660 8.
1099 2617 1166 2661 15.
1208 2617 1276 2662 25.
1317 2620 1396 2660 Vox
1426 2616 1606 2672 παλάμῃ.
1624 2613 1752 2674 neque
1786 2619 1827 2660 in

104 2689 328 2729 universum
351 2687 399 2726 de
419 2700 539 2727 manu
569 2686 783 2736 dicebatur,
815 2700 943 2739 neque
963 2687 1173 2739 ancipitem
1185 2687 1359 2727 vocalem
1381 2703 1406 2726 α
1427 2687 1565 2727 habuit
1583 2686 1660 2726 nisi
1681 2687 1831 2727 seriore

100 2761 225 2797 aetate
250 2756 299 2795 cf.
319 2755 463 2807 Sophr.
488 2754 559 2794 Od.
581 2754 640 2803 IV,
668 2751 742 2795 10:
765 2750 971 2804 παλάμας.
993 2767 1027 2793 v.
1048 2751 1116 2794 65.
1137 2751 1205 2794 79.
1219 2754 1259 2803 V,
1282 2751 1350 2795 75.
1374 2754 1452 2803 VII,
1477 2750 1546 2794 64.
1568 2750 1624 2794 78
1645 2766 1708 2806 ap.
1729 2753 1829 2806 Ang.

101 2823 188 2863 Mai.
216 2822 322 2875 Spic.
344 2821 458 2861 Rom.
481 2826 507 2861 t.
530 2821 590 2861 IV.
618 2822 727 2869 Quae
748 2834 838 2861 cum
863 2821 915 2861 ita
935 2821 1026 2870 sint,
1051 2834 1133 2861 non
1154 2826 1244 2861 ante
1272 2821 1483 2873 Georgium
1508 2820 1693 2870 Pisidem,
1726 2819 1830 2874 apud

57 2903 59 2905 ’
101 2903 217 2942 quem
243 2889 414 2942 primum
434 2889 538 2928 hanc
561 2888 759 2928 licentiam
794 2888 834 2928 in
859 2888 1098 2941 usurpandis
1133 2888 1290 2940 syllabis
1325 2888 1562 2941 ancipitibus
1597 2887 1828 2942 reperimus,

102 2970 259 2997 carmen
282 2957 509 3008 ponendum
532 2961 601 2995 est.
