1910 3268
977 211 1033 253 26

141 351 188 393 p.
209 337 306 387 303.
355 341 466 380 Hanc
490 340 593 379 enim
619 344 778 378 secutus
799 344 860 377 est
879 328 1051 389 regulam
1072 343 1115 377 ut
1144 337 1251 378 biatu
1273 342 1341 377 aut
1359 337 1466 377 brevi
1493 336 1638 389 syllaba
1668 347 1869 387 nunquam

150 409 453 460 interrumperet
480 398 736 459 systematum
766 410 944 444 tenorem
978 417 1107 457 neque
1141 417 1214 456 pro
1245 404 1382 444 ultimo
1416 403 1549 456 iambo
1570 408 1746 444 uteretur
1776 415 1871 443 ana-

150 481 287 528 paesto
319 472 368 513 cs.
403 473 536 533 Haupt
559 474 720 521 Quaest.
745 472 882 512 Catull.
904 485 944 524 p.
970 469 1038 513 24.
1095 472 1236 524 Bergk.
1261 472 1333 512 An:
1361 485 1400 524 p.
1423 469 1491 512 30:
1546 471 1747 511 Hermann
1766 469 1873 521 Epit.

151 557 191 595 p.
215 539 297 582 199
322 540 358 595 §.
380 538 478 581 476.
508 540 515 546 “
544 540 677 579 Licuit
710 539 928 580 autem-illi
957 544 1121 591 propter
1155 539 1283 593 ipsam
1319 538 1539 592 systematis
1573 537 1873 591 perpetuitatem

152 610 345 649 ultimum·
359 608 533 649 iambum
553 607 704 647 solvere
723 605 764 645 in
788 606 1027 658 tribrachyn.

266 675 473 728 Glyconeis
499 674 678 714 versibus
709 678 839 713 autem
870 674 1078 714 admiscuit
1096 674 1391 723 Pherecrateos,
1418 686 1499 713 non
1526 672 1698 726 eundem·
1719 670 1877 723 quidem

152 744 298 796 ubique
321 755 505 792 versuum
529 754 738 781 numerum
771 741 1008 790 observans,
1043 746 1213 781 attamen
1247 754 1329 781 non
1354 741 1438 781 sine
1468 739 1614 792 regula.
1674 738 1751 778 Aut
1775 737 1878 778 enim

153 810 256 850 binis
282 815 320 850 et
344 809 544 862 quaternis
571 808 777 860 Glyconeis
803 809 1040 861 interposuit
1063 808 1369 849 Pherecrateum
1393 809 1441 848 cs.
1466 808 1513 847 fr.
1541 807 1572 847 1.
1596 806 1645 847 11.
1671 806 1738 846 111.
1764 804 1795 844 V
1819 810 1887 845 aut

154 877 275 918 ternis
302 877 424 917 cfssr.
450 877 510 916 IV.
536 876 615 916 VII.
641 876 738 915 VIII.
765 876 841 916 XV.
1205 886 1209 888 ⁷

266 945 324 985 Ex
359 944 556 997 Glyconeo
591 948 631 983 et
658 944 917 984 Pherecrateo
953 944 1020 997 qui
1050 943 1295 996 compositus
1325 948 1386 982 est
1417 950 1554 982 versus
1588 939 1885 993 Priape'ius,

154 1013 238 1065 ejus
263 1012 483 1065 exemplum
505 1013 665 1053 affertur
682 1012 786 1064 apud
802 1011 1013 1063 Hephaest.
1039 998 1079 1064 p.
1102 1007 1169 1059 59,
1196 1011 1301 1063 quod
1317 1010 1365 1050 ad
1382 1010 1669 1050 Anacreontem
1689 1007 1887 1060 pertinere

155 1093 200 1120 ex
221 1080 296 1121 alio
321 1079 410 1119 loco
437 1067 610 1131 apparet,
637 1079 685 1120 fr.
709 1079 805 1119 XVI.
1004 1079 1008 1081 ’

135 1148 140 1152 ’
266 1147 325 1186 Ad
359 1146 648 1199 Glyconeorum
682 1158 806 1197 genus
840 1145 1052 1198 pertinere,
1090 1158 1170 1185 non
1202 1145 1250 1185 ad
1282 1145 1542 1196 antispastos,
1579 1142 1891 1183 Ph'alaecios

118 1247 122 1251 .
155 1227 293 1254 versus
330 1213 796 1266 optime'demonstravit
829 1214 961 1253 Herm.
997 1213 1101 1265 Epit.
1133 1225 1176 1266 p.
1211 1210 1292 1253 135
1324 1211 1361 1266 ξ.
1398 1208 1494 1260 356,
1530 1224 1570 1264 p.
1596 1206 1685 1263 ‘203ss
1715 1208 1752 1264 §.
1778 1207 1888 1257 4863

157 1295 277 1334 quare
311 1282 429 1334 hujus
474 1279 551 1320 loci
583 1285 643 1320 est
686 1293 824 1320 eorum
858 1281 1099 1320 mentionem
1130 1282 1272 1321 facere.
1345 1280 1635 1320 Anacreontom
1664 1276 1795 1319 autem
1823 1277 1886 1317 his

159 1362 275 1389 usum
301 1360 389 1389 esse
410 1353 574 1401 apparet
594 1361 639 1388 ex
662 1348 751 1388 loco
776 1348 864 1389 Atil.
892 1348 1057 1388 Fortun.
1083 1362 1123 1401 p.
1150 1345 1274 1388 2676.
1337 1348 1384 1387 cf.
1410 1347 1537 1398 Heph.
1560 1344 1620 1385 ed.
1645 1345 1691 1385 G.
1717 1358 1757 1398 p.
1783 1342 1885 1385 306:

158 1416 542 1469 „hendecasyllabus
567 1429 684 1468 quem
710 1415 961 1456 Phalaecium
989 1428 1177 1456 vocamus
1203 1416 1307 1467 apud
1337 1414 1519 1466 antiquos
1541 1412 1693 1452 solebat
1711 1401 1891 1464 incipere*

159 1485 287 1533 „alias
311 1498 333 1525 a
358 1484 536 1536 spondeo
563 1484 656 1524 alias
683 1484 730 1524 ab
757 1483 889 1524 iambo
916 1482 1008 1522 alias
1035 1496 1056 1523 a
1082 1483 1267 1522 trochaeo
1292 1487 1336 1522 ut
1361 1481 1464 1537 apud
1489 1479 1681 1521 Catullum
1705 1502 1760 1510 —-
1786 1493 1886 1532 quae

159 1551 327 1599 „omnia
351 1563 495 1602 genera
514 1551 828 1604 hendecasyllabi
855 1550 1028 1591 Catullus
1054 1555 1092 1590 et
1116 1550 1277 1602 Sappho
1305 1555 1343 1589 et
1365 1550 1698 1589 Anacreonta
1725 1552 1763 1587 et
1785 1547 1883 1587 31105

159 1624 374 1668 „auctores
387 1624 546 1659 secutus
565 1617 647 1659 no'n
667 1624 854 1670 tanquam
873 1617 1012 1658 vitiosa
1032 1617 1163 1657 vitavit
1181 1617 1249 1656 sed
1261 1622 1455 1669 „tanquam
1474 1615 1648 1668 legitima
1665 1614 1882 1662 inseruit;“
1905 1621 1910 1627 “

161 1688 209 1727 ef.
245 1687 334 1727 Ter.
371 1687 494 1727 Maur.
522 1699 556 1727 c.
584 1684 622 1727 4.
659 1700 693 1727 V.
720 1683 850 1734 2849,
887 1686 1103 1737 fragmenta
1138 1685 1290 1725 XXXVI
1325 1690 1362 1724 et
1385 1682 1557 1724 XXXVII
1589 1682 1651 1722 his
1676 1669 1883 1731 hendeca-

160 1754 317 1807 syllabis
346 1754 571 1806 conscripta
602 1760 708 1794 sunt.
768 1754 905 1806 Neque
930 1753 1017 1794 3113·
1036 1752 1452 1804 hendecasyllaborum
1488 1750 1661 1803 species,
1697 1762 1815 1802 quam
1841 1761 1886 1789 ex

158 1822 335 1862 trimetro
362 1821 629 1862 choriambico
654 1821 843 1862 catalecto
869 1820 1111 1873 grammatici
1137 1824 1319 1860 constare
1339 1822 1544 1871 putarunt,
1571 1817 1619 1858 ab
1639 1816 1886 1858 Anacreonte

160 1889 284 1931 aliena
310 1893 370 1928 est
393 1889 441 1928 cf.
468 1888 514 1928 fr.
539 1888 705 1928 XXXIV.
731 1888 877 1928 XXXV.

275 1956 353 1996 VII.
413 1955 772 2013 Asynartetus.
804 1968 944 1995 versus
977 1955 1044 2007 qui
1068 1956 1229 1995 affertur
1262 1954 1310 1994 ab
1346 1953 1638 2008 Hephaestione
1667 1966 1710 2005 p.
1747 1949 1804 1992 90
1837 1953 1883 1992 G.

186 2022 228 2063 τὸ
274 2022 615 2077 ὃιπενθημιμερὲς
643 2021 696 2062 τὸ
738 2019 1070 2076 ἓγκωμιολογικόν
1111 2018 1401 2073 καλούμενον),
1444 2033 1534 2061 eum
1573 2020 1621 2061 ab
1659 2020 1886 2060 Hermanno

163 2104 321 2131 summo
347 2091 432 2131 iure
455 2091 558 2131 inter
579 2091 832 2142 logaoedicos
857 2090 1008 2139 referri,
1031 2090 1122 2142 quia
1147 2090 1283 2142 quinta
1308 2103 1330 2130 a
1353 2090 1432 2129 fine
1449 2088 1596 2141 syllaba
1617 2099 1775 2141 semper
1796 2087 1888 2127 brc-

165 2159 220 2199 vis
245 2164 306 2199 est
328 2159 368 2198 in
391 2158 576 2199 omnibus
600 2158 711 2207 locis,
738 2170 858 2211 supra·
882 2159 1063 2198 vidimus.
1122 2157 1206 2198 Alia
1232 2162 1360 2197 autem
1393 2160 1707 2211 asynartetorum
1737 2154 1890 2207 speeies

164 2231 288 2266 exstat
320 2226 361 2265 in
395 2227 442 2266 fr.
468 2226 616 2267 XXVII.
675 2226 800 2278 Heph.
832 2240 872 2279 p.
899 2222 955 2265 96
979 2226 1039 2265 ed.
1069 2216 1128 2274 G.'‚
1154 2225 1195 2265 in
1220 2238 1296 2277 qua
1333 2211 1600 2264 choriambico
1628 2235 1726 2262 reum
1750 2221 1891 2262 iambis

164 2294 375 2333 commixto
400 2299 526 2333 metro
553 2293 726 2345 adjunxit
749 2299 867 2345 poeta
882 2292 1207 2345 -ithyphallicum‘
1267 2285 1411 2330 Versus
1443 2296 1572 2331 autem
1597 2295 1665 2331 aut
1688 2289 1806 2330 alium
1831 2289 1894 2330 alii

165 2358 270 2401 κατὰ
302 2361 440 2413 στίχον
464 2361 638 2414 adjunxit
667 2367 735 2401 aut
769 2375 889 2401 unam
925 2360 1166 2411 eandemque
1196 2359 1400 2411 stropham
1428 2358 1527 2398 satis
1556 2357 1715 2397 brevem
1745 2356 1896 2396 iteravit

168 2425 492 2481 (μονοστροφικά
514 2426 719 2481 carmina).
769 2429 817 2468 cf.
844 2428 983 2479 Bergk.
1009 2428 1081 2467 An.
1108 2440 1147 2479 p.
1174 2423 1242 2466 55.
1633 2422 1636 2426 ’
1666 2435 1670 2439 ·

278 2497 366 2537 Jam
402 2496 508 2536 vides
534 2500 681 2548 quanta
714 2500 929 2535 metrorum
966 2494 1148 2534 varietate
1180 2506 1278 2532 usus
1313 2492 1364 2532 sit
1387 2487 1617 2539 Anacreon,
1652 2495 1896 2543 quantopere

166 2564 251 2615 ipse
275 2563 315 2602 in
341 2563 451 2602 novis
477 2563 687 2603 inserendis
714 2568 781 2604 aut
805 2562 1058 2602 immutandis
1086 2560 1132 2600 iis
1158 2559 1386 2608 elaborarit,
1419 2571 1536 2612 quam
1560 2557 1759 2610 poeticum
1785 2556 1896 2607 inge-

168 2630 277 2669 nium
304 2644 346 2669 ex
372 2630 433 2669 his
462 2630 559 2682 ipsis
585 2631 748 2671 eluceat.
799 2631 874 2670 Sex
908 2629 1219 2683 diversa-metra
1254 2626 1534 2680 ejusmmine
1566 2625 1756 2677 inscripta
1790 2629 1895 2663 sunt.

167 2698 223 2736 Ac
254 2710 318 2737 ne·
339 2697 487 2737 scimus
514 2693 672 2750 quidem
697 2697 997 2738 numomnium
1023 2701 1262 2749 metrorum,
1298 2707 1398 2747 quae
1432 2692 1656 2734 adhibuerit
1676 2691 1896 2738 Anacreon,

174 2764 349 2816 exempla
373 2764 489 2804 nobis
524 2771 676 2807 servata
708 2765 850 2805 sintin
880 2762 1134 2816 paucissimis
1162 2761 1409 2813 fragmentis,
1446 2771 1671 2812 quanquam
1706 2771 1750 2798 ea
1785 2757 1899 2797 metri

169 2831 293 2881 gratia
319 2831 527 2871 maximam
553 2837 705 2884 partem
733 2835 1041 2872 commemorata
1060 2836 1170 2869 sunt.
1219 2829 1526 2879 Progrediamur
1548 2826 1595 2866 ad
1616 2825 1899 2873 Anacreontea‚

169 2910 339 2949 quorum
366 2904 490 2938 metra
513 2899 665 2950 primus
690 2904 795 2940 recte
821 2897 995 2938 distinxit
1018 2897 1266 2937 Hermannus
1291 2894 1515 2946 quibusque
1542 2891 1694 2943 legibus
1720 2891 1899 2931 coutine-

170 2969 306 3003 rentur
332 2965 553 3014 constituit3
590 2966 811 3006 accuratius
844 2965 959 3005 etiam
995 2962 1261 3004 Mehlhornius
1287 2961 1392 3000 Prol.
1418 2974 1458 3013 p.
1485 2956 1551 3000 12.
1575 2962 1665 3011 sq'u.
1692 2957 1907 3011 disputavit

172 3043 339 3082 euinque
371 3031 619 3072 Herm'anuus
666 3033 705 3074 in
741 3032 954 3072 novissima
997 3031 1188 3083 epitomes
1232 3029 1401 3067 0111110110
1441 3040 1481 3078 p.
1519 3023 1598 3065 171
1635 3030 1793 3065 secutus
1829 3023 1900 3064 est.
