1910 3268
964 194 1019 239 73

929 341 969 397 ς.
1003 341 1044 396 2.

445 442 599 476 Carmina
616 443 649 476 in
667 443 787 486 quibus
805 453 860 476 res
876 444 985 487 poetis
1001 443 1143 477 maxime
1160 454 1279 477 sacrae
1295 442 1522 492 celebrantur.

240 533 332 573 Non
357 532 469 573 facile
492 533 588 586 quid
620 533 839 581 inveneris,
874 533 982 586 quod
1005 539 1212 586 poetarum
1238 534 1480 574 Graecorum
1504 532 1672 574 maxime
1691 530 1853 571 serioris

126 599 266 640 aetatis
288 599 445 639 laudem
470 600 630 652 saepius
664 600 797 640 tulerit
829 589 947 653 quam
981 613 1074 640 rosa
1106 601 1247 640 Veneri
1282 601 1519 654 Bacchoque
1552 613 1677 640 sacra.
1723 600 1855 648 Quare

79 678 85 682 ·
123 667 230 720 quod
262 667 366 707 inter
404 667 676 706 Anacreontea
709 667 980 727 reperiuntur,
1029 680 1129 720 quae
1162 680 1249 708 eam
1288 657 1497 716 celebrent,
1528 680 1612 707 non
1644 664 1852 707 mirabere.

69 740 101 780 ἶ·
123 733 302 774 Primum
325 734 405 774 huc
428 733 598 787 pertinet
618 746 778 773 carmen
798 734 978 786 quintum
1004 731 1188 788 (Μ.,ιιβ’),’
1216 734 1256 774 in
1281 748 1360 787 quo
1385 735 1586 775 Bacchum
1611 733 1853 774 celebrantes

122 806 243 842 cantu
261 813 308 841 ac
325 800 407 854 lyra
426 805 693 853 ,potantesque
712 806 758 841 ut
779 802 905 841 roseis
927 801 1041 841 sertis
1067 807 1320 850 coronentur,
1347 803 1577 842 cohortatur
1596 806 1736 854 poeta3
1760 813 1853 841 rosa

7 848 31 899 s*
104 866 227 909 'enim
253 868 338 911 deis
362 872 470 919 grata
501 872 572 915 est,
608 879 699 907 rosa
725 868 895 920 cingitur
916 869 1040 908 Amor
1063 868 1153 909 cum
1177 868 1319 909 Gratiis
1345 869 1577 909 saltaturus:
1611 881 1704 909 rosa
1734 867 1854 920 igitur

106 931 339 985 ‘coronatus
365 933 414 974 ad
437 934 583 975 Bacchi
606 935 797 988 templum
822 948 913 976 cum
932 935 1062 989 puella
1085 936 1228 976 saltare
1249 941 1390 989 poetae
1419 936 1459 975 in
1485 936 1617 976 animo
1648 942 1721 976 est.
1766 936 1850 975 Me-

59 1058 63 1059 ⁷
125 1003 189 1044 dia
213 1002 377 1055 stropha
408 1001 494 1042 laus
531 1014 646 1043 rosae
674 1003 917 1052 continetur3
948 1003 989 1043 in
1009 1003 1136 1056 prima
1164 1009 1203 1044 et
1235 1003 1370 1052 tertia,
1402 1003 1451 1044 ad
1471 1016 1590 1056 quam
1614 1015 1698 1043 rem
1721 1002 1849 1043 roseis

122 1062 284 1111 coronis
308 1069 412 1122 cingi
442 1082 486 1110 se
508 1070 610 1119 velit,
636 1070 892 1111 demonstrat.
919 1071 1062 1111 Mirum
1087 1083 1183 1111 sane
1202 1076 1274 1120 est,
1298 1070 1582 1123 quodpoetain
1602 1070 1714 1110 tertia
1740 1075 1846 1109 stro-

119 1137 200 1192 pha
241 1136 393 1190 primae
429 1137 546 1190 plane
590 1136 735 1177 oblitus
778 1139 826 1178 de
859 1138 1066 1179 saltatione
1106 1139 1155 1179 ad
1192 1138 1383 1191 templum
1422 1138 1567 1178 Bacchi
1608 1137 1847 1177 instituenda

118 1205 307 1260 loquitur,
328 1217 418 1244 cum
440 1209 555 1245 antea
566 1204 614 1244 de
635 1204 956 1245 commissatione
977 1206 1114 1246 dixerit
1122 1220 1135 1255 3
1159 1218 1288 1259 neque
1308 1206 1402 1246 satis
1423 1211 1513 1258 apte
1531 1205 1737 1245 invocatur
1748 1205 1851 1245 Bac-

116 1272 215 1313 chus
241 1271 339 1312 'deus
361 1284 398 1311 v.
424 1268 491 1321 13,
519 1284 636 1325 quem
666 1284 703 1312 v,
728 1269 768 1312 2.
803 1282 876 1324 pro
912 1273 1000 1313 vino
1030 1274 1205 1326 positum
1230 1286 1317 1314 esse
1348 1262 1610 1325 intelligamus
1644 1285 1745 1325 opus
1771 1277 1844 1312 est.

114 1339 162 1381 ln
193 1339 322 1392 prima
359 1339 523 1391 stropha
557 1339 810 1399 inveniuntur
837 1340 954 1380 iidem
994 1341 1075 1381 fere
1106 1353 1243 1381 versus
1271 1341 1338 1394 qui
1370 1341 1411 1381 in
1442 1340 1621 1393 sequenti
1651 1340 1786 1380 odario
1821 1336 1851 1379 6

117 1403 244 1460 (μα’),
265 1404 378 1459 'quod
400 1418 483 1446 non
507 1406 592 1446 sine
617 1419 758 1448 caussa
780 1409 821 1448 in
841 1414 1008 1461 utraque
1027 1408 1198 1448 editione
1221 1414 1290 1449 aut
1308 1409 1502 1449 antecedit
1526 1413 1594 1448 aut
1626 1408 1757 1448 statim
1782 1420 1848 1447 se-

116 1474 266 1528 quitur:
299 1470 347 1513 τὸ
367 1468 827 1527 ῥόδον-κροτάφοισιν
847 1472 1114 1529 ἁρμόσαντες,
1140 1481 1179 1516 et
1199 1473 1239 1524 6,
1269 1474 1312 1516 1:
1344 1472 1571 1530 στεφάνους
1593 1474 1670 1528 μὲν
1702 1471 1851 1528 κροτά-

114 1555 228 1596 φοισι
262 1537 448 1592 ῥοδίνους
482 1537 833 1595 συναρμόσαντεςς
882 1556 918 1584 v.
957 1541 1002 1584 1:
1034 1543 1211 1595 πίνωμεν
1244 1539 1356 1596 ἁβρὰ
1398 1544 1608 1596 γελῶντες,
1646 1548 1686 1583 et
1722 1539 1772 1592 6,
1799 1540 1848 1583 3:

114 1605 328 1671 μεθήομεν
365 1602 477 1662 ἁβρὰ
509 1609 712 1662 γελῶντες.
751 1610 961 1659 Quaeritur
990 1611 1109 1662 igitur
1141 1616 1228 1651 utra
1258 1611 1422 1652 imitatio
1456 1611 1522 1660 sit,
1555 1624 1606 1651 an
1635 1616 1848 1664 utrumque

114 1688 275 1717 carmen
308 1675 358 1716 ad
391 1676 611 1729 exemplum
651 1677 882 1730 antiquioris
918 1678 1185 1737 compositum
1218 1679 1355 1728 fuerit,
1391 1679 1498 1732 quod
1523 1678 1849 1719 verisimillimum

84 1772 89 1776 -
113 1742 276 1792 videtur,
303 1755 393 1783 cum
418 1749 602 1784 neutrum
628 1757 786 1784 carmen
806 1745 900 1784 satis
922 1746 1126 1798 antiquum
1151 1746 1214 1787 sit.
1261 1745 1506 1787 offendimur
1527 1752 1573 1786 ut
1595 1746 1637 1786 in
1672 1742 1846 1786 carmine

55 1857 64 1864 ι
113 1815 223 1851 sexto
241 1810 384 1850 Dorica
409 1811 586 1861 dialecto,
607 1812 665 1852 sic
689 1812 730 1851 in
754 1812 891 1864 quinto
910 1813 1071 1853 metrica
1097 1813 1269 1854 ratione:
1305 1820 1344 1854 et
1377 1815 1579 1854 anam-usis
1605 1814 1742 1854 ordine
1762 1826 1844 1854 non

114 1876 322 1918 observato
346 1879 591 1919 contrahitur
612 1893 647 1919 v.
669 1877 709 1921 2.
730 1876 770 1919 3.
797 1877 871 1930 12;
897 1886 935 1920 et
958 1880 1047 1932 puri
1071 1881 1191 1921 iambi
1210 1882 1475 1922 anaclomenis
1501 1882 1718 1922 miscentur
1740 1895 1776 1922 v.
1801 1878 1842 1922 2.

110 1941 152 1986 9.
178 1941 246 1985 14.
268 1941 350 1993 15.,
375 1950 467 1986 etv.
487 1943 574 1986 13
564 1959 605 1986 1n
624 1947 816 1987 vocabulo
833 1945 1008 1988 Διονυσε
1019 1948 1173 1988 iambus
1195 1949 1391 1990 solvitur
1380 1962 1421 1989 in
1441 1955 1713 2002 anapaestum.
1743 1949 1843 1997 Qui-

0 2018 42 2071 J,
113 2011 189 2052 bus
213 2011 365 2053 caussis
387 2019 522 2053 motus
545 2014 852 2055 Wiedemannus
881 2029 939 2068 p.·
957 2012 1012 2055 13
1036 2016 1344 2068 fragmentorum
1373 2017 1608 2068 farraginem
1641 2029 1729 2057 esse
1761 2016 1842 2056 exi-

82 2079 261 2128 ·‘stimat,
281 2092 382 2133 quae
403 2085 449 2119 ut
471 2082 814 2133 conjungerentur,
835 2095 992 2123 versum
1035 2083 1312 2124 duodecimum
1346 2084 1592 2136 interjectum
1619 2097 1727 2133 esse3
1751 2083 1843 2123 ulti-

115 2151 204 2187 mos
226 2151 396 2199 quatuor
416 2160 553 2187 versus
579 2161 601 2188 a
625 2148 783 2200 reliquis
808 2150 1072 2189 secernendos
1094 2163 1194 2191 esse.
1236 2152 1326 2204 Ipse
1351 2152 1432 2204 jarn
1458 2151 1602 2204 prioris
1637 2150 1843 2202 fragmenti

9 2204 49 2268 {⁴⁸3
90 2254 95 2262 ‚
117 2213 325 2253 ordinandi
355 2226 497 2254 novam
529 2215 631 2254 viam
654 2215 762 2264 iniit,
799 2228 890 2256 cum
919 2217 991 2257 has
1016 2218 1200 2270 strophas
1222 2219 1396 2259 efficeret
1424 2232 1460 2258 v.
1483 2216 1522 2259 1.
1553 2215 1592 2259 3.
1613 2215 1654 2259 6.
1680 2215 1720 2257 7.
1742 2215 1783 2259 2.
1805 2222 1845 2257 et

88 2338 90 2340 Ι
111 2292 148 2319 v.
170 2276 213 2321 9.
234 2276 302 2320 10.
323 2277 389 2330 11,
414 2278 456 2320 4.
480 2278 520 2322 5.
547 2282 634 2322 Duo
660 2283 888 2334 fragmenta,
913 2285 1045 2336 potius
1071 2285 1169 2325 duas
1202 2286 1414 2326 sententias
1436 2300 1457 2327 e
1474 2286 1634 2325 diversis
1657 2284 1841 2325 carmini-

4 2348 57 2394 ’T
112 2346 190 2388 bus
210 2347 352 2400 petitas
383 2349 635 2402 conjunxisse
659 2351 957 2401 grammaticum
986 2351 1165 2404 ineptum
1189 2365 1271 2392 non
1298 2353 1531 2404 negaverim,
1558 2365 1686 2405 neque
1709 2357 1841 2392 tamen

112 2415 398 2467 transponendi
418 2416 598 2456 videntur
621 2424 779 2458 versus:
801 2423 839 2458 et
849 2419 1023 2460 secunda
1047 2420 1209 2473 stropha
1236 2419 1352 2472 plane
1370 2419 1550 2461 absoluta
1574 2425 1645 2469 est,
1669 2419 1843 2460 continet

0 2475 47 2548 ᾗ
83 2540 87 2542 ¹
111 2481 216 2522 enim
235 2481 391 2522 laudem
412 2495 540 2533 rosae,
563 2489 601 2523 et
624 2484 765 2536 prima.

223 2547 328 2589 Fuse
367 2561 458 2589 rosa
492 2550 533 2589 in
580 2552 754 2592 carmine
797 2542 1122 2606 quinquagesimo
1166 2554 1280 2595 tertio
1318 2553 1387 2606 (M.
1401 2551 1473 2607 vy'.
1486 2550 1566 2609 vd')
1601 2554 1840 2602 celebratum

0 2610 51 2664 ⁴31³·
109 2614 300 2668 quidquid
325 2616 374 2656 ad
403 2629 489 2657 eam
512 2618 748 2659 efferendam
768 2620 1002 2672 pertinebat,
1030 2622 1266 2675 conquisivit
1289 2628 1417 2675 poeta
1431 2623 1730 2676 conquisitaque
1754 2622 1840 2661 sine

109 2682 249 2725 ordine
274 2684 490 2737 conjunxit.
550 2685 597 2724 In
618 2686 818 2739 principio
840 2688 986 2728 sodalis
1011 2695 1056 2728 ut
1078 2690 1234 2742 adjuvet
1258 2695 1417 2742 poetam
1441 2690 1482 2730 in
1502 2703 1594 2730 rosa
1606 2689 1837 2730 celebranda

10 2747 44 2801 ἐξ.
108 2749 317 2800 excitatum
354 2756 436 2791 tum
470 2764 561 2792 rosa
600 2753 686 2805 ipsa
720 2760 758 2794 et
794 2755 957 2795 deorum
993 2756 1109 2796 ssatus
1145 2763 1184 2797 et
1216 2758 1424 2798 hominum
1454 2758 1645 2810 >gaudium
1681 2757 1835 2803 dicitur,

24 2819 51 2841 ²
108 2816 443 2870 quippequae-et
464 2819 620 2860 Gratias
643 2827 759 2861 ornet
782 2835 860 2862 una
881 2835 972 2862 cum
995 2814 1222 2873 Amoribns‚
1244 2825 1382 2865 Veneri
1403 2825 1602 2878 Musisque
1613 2824 1834 2877 gratissima

108 2882 170 2933 sit,
197 2889 236 2924 et
257 2885 440 2926 homines
461 2886 616 2940 quoties
641 2888 728 2940 quis
753 2889 794 2928 in
818 2890 956 2930 semita
978 2890 1139 2943 spinosa
1163 2891 1311 2932 invenit
1333 2892 1595 2944 manibusque
1630 2890 1835 2938 continuit,

108 2961 347 3004 magnopere
371 2953 548 2994 delectet.
608 2955 788 2996 Eundem
808 2957 947 2997 florem
971 2957 1012 2997 in
1032 2958 1157 3010 epulis
1182 2972 1229 2999 ac
1254 2959 1364 2999 festis
1389 2960 1534 2999 Bacchi
1559 2958 1698 2998 diebus
1721 2956 1833 2997 adhi-

108 3016 203 3067 beri,
232 3019 371 3060 eodem
396 3021 451 3061 uti
477 3027 616 3073 poetas
641 3022 681 3063 in
701 3023 973 3075 praedicandis
1009 3025 1082 3065 diis
1115 3026 1280 3076 Aurora,
1317 3027 1522 3079 Nymphis,
1546 3026 1706 3073 Venere,
1733 3036 1831 3063 etin-
