1910 3268
979 152 1036 196 66

148 298 221 326 nae
241 283 474 336 significatio
500 282 630 330 deest,
657 281 764 333 quod
795 292 1020 333 quanquam
1045 294 1126 321 non
1150 281 1391 332 inusitatum,
1419 289 1549 323 tamen
1574 284 1652 324 hoc
1675 284 1780 334 loco,
1804 285 1873 326 ubi

146 352 278 404 plures
303 350 530 403 hujusmodi
556 362 619 388 res
646 347 902 396 conveniunt,
940 348 1114 388 offendit.
1163 347 1324 388 Accedit
1355 350 1461 401 quod
1488 350 1623 392 dorica
1653 352 1780 392 forma
1812 352 1873 392 io-

146 419 244 458 nicis
269 417 489 457 intermixta
514 421 574 455 est
599 416 647 455 cf.
673 427 708 455 V.
734 411 782 456 2:
830 410 932 465 ἦβα,
969 427 1096 467 neque
1120 415 1183 455 ille
1207 415 1406 456 vocativus
1433 413 1612 469 Κυβῆβα
1635 418 1873 460 Anacreonti

146 484 339 533 convenit,
377 483 444 535 qui
469 483 642 522 vocalem
667 482 818 534 primae
842 480 1114 522 declinationis
1144 494 1226 522 non
1252 482 1415 535 corripit
1439 484 1487 524 cf.
1514 484 1560 524 fr.
1590 484 1656 525 VI:
1689 484 1869 538 Σμερδίη

148 553 271 593 XXV:
297 547 602 601 καλλιλαμπὲτη
627 549 803 607 LXXIXJ
833 547 1004 601 Θρῃκίη.
1053 550 1099 589 In
1132 562 1247 589 versu
1280 550 1469 602 septimo,
1501 550 1572 590 ubi
1598 547 1691 600 ἑκὰς
1713 557 1871 593 antece—

145 620 302 659 dentem
328 617 515 670 syllabam
541 616 746 669 producit,
782 621 898 668 poeta
929 616 1094 656 consilio
1119 616 1327 668 pristinam
1352 617 1538 669 loquendi
1563 619 1757 660 rationem
1780 620 1872 660 imi-

144 692 247 726 tatus
274 685 425 724 videtur
448 697 556 733 esse,
584 691 809 736 quanquam
835 697 878 723 ex
896 697 972 723 usu
998 684 1226 735 quotidiano
1247 685 1329 737 jam
1356 684 1504 724 dudum
1530 685 1724 736 digamma
1750 686 1872 727 aeoli-

145 767 235 793 cum
279 756 501 792 evanuerat.
563 752 623 790 Ad
657 751 846 792 seriorem
881 755 1047 791 aetatem
1065 750 1166 790 ''sine
1201 750 1320 790 dubio
1357 752 1560 791 referenda
1597 757 1658 792 est
1690 753 1800 802 notio
1832 754 1873 794 in

143 820 314 873 simplici
335 819 455 858 verbo
489 819 715 871 πτεροῧμαι
747 818 894 870 posita,
935 818 1045 870 cujus
1081 818 1169 856 loco
1204 818 1469 869 compositum
1503 816 1807 871 ἀναπτεροῦμαι
1831 820 1871 860 in

142 901 218 928 usu
244 887 316 927 fuit
342 887 389 926 cf.
415 886 557 925 Aesch.
585 885 761 937 Choeph.
786 899 821 925 v.
842 882 937 926 227.
964 885 1108 924 Mehlh.
1133 885 1206 924 An.
1231 898 1272 937 p.
1293 881 1361 925 68.
1410 885 1594 926 Forsitan
1620 886 1871 927 obversatum

142 955 194 995 sit
216 959 358 1007 poetae
381 952 638 993 Anacreontis
665 953 948 1003 fragmentum,
987 951 1098 1004 cujus
1124 951 1197 992 alia
1221 952 1337 1004 plane
1360 952 1418 992 vis
1443 958 1503 992 est
1527 959 1643 1006 atque
1669 954 1869 994 contentio

143 1022 197 1075 cf„
217 1022 263 1061 fr.
288 1021 416 1061 XXII:

415 1084 666 1138 ἀναπέτομαι
692 1083 742 1136 δὴ
768 1083 868 1139 πρὸς
883 1082 1098 1136 ’Όλυμπον
1123 1082 1355 1139 πτερύγεσσι
1381 1082 1555 1139 κούφαις
1582 1099 1594 1109 ·

415 1153 481 1193 διὰ
505 1151 577 1193 τὸν
595 1152 767 1206 Ἐρώτα.

865 1398 1011 1455 cap.
1052 1400 1142 1444 ΙΙ.

289 1493 489 1541 Carmina
526 1508 636 1555 quae
675 1491 727 1538 ad
767 1492 1125 1555 epigrammatum
1161 1491 1488 1555 idylliorumque
1525 1500 1722 1541 naturam

885 1570 1107 1616 accedunt.
1700 1575 1702 1577 “

251 1697 354 1736 Dum
379 1696 419 1735 in
445 1696 564 1736 altero
592 1694 810 1735 carminum
846 1706 989 1746 genere
1013 1706 1114 1746 quae
1138 1694 1280 1734 sentiat
1303 1695 1389 1747 ipse
1413 1701 1553 1748 poeta,
1592 1696 1717 1748 magis
1741 1695 1869 1736 elucet

138 1764 306 1816 indeque
342 1776 437 1803 num
471 1762 731 1802 Anacreontis
765 1761 922 1813 ingenio
959 1774 1004 1801 ac
1038 1761 1217 1801 moribus
1254 1762 1459 1802 conveniat
1494 1770 1672 1813 carmen,
1717 1765 1868 1805 facilius

138 1830 342 1884 dijudicari
367 1835 522 1882 potest,
554 1829 595 1868 in
622 1842 691 1877 eo,
725 1829 830 1880 quod
855 1841 962 1868 nunc
987 1828 1103 1868 nobis
1139 1829 1386 1868 tractandum
1419 1834 1499 1879 est,
1537 1830 1586 1869 ad
1610 1838 1752 1883 poetae
1773 1842 1867 1884 per·-
1902 1829 1910 1835 ’

137 1910 280 1937 sonam
307 1896 626 1947 cognoscendam
653 1896 843 1946 imagines
869 1895 979 1947 ipsae
1003 1895 1232 1947 propositae
1255 1896 1351 1935 nihil
1377 1897 1596 1936 conferunt.
1640 1898 1686 1937 In
1708 1898 1867 1938 univer-

136 1977 225 2004 sum
250 1964 289 2003 id
315 1964 472 2015 quidem
497 1963 709 2002 tenendum
735 1967 806 2011 est,
831 1962 1005 2014 lepidum
1029 1962 1106 2001 hoc
1125 1962 1343 2002 carminum
1370 1975 1505 2014 genus,
1531 1962 1571 2002 in
1597 1976 1675 2015 quo
1699 1977 1867 2005 acumen

138 2031 336 2083 quoddam
368 2030 537 2080 ingenii,
573 2042 654 2068 non
681 2019 803 2068 elatus
828 2034 968 2081 poetae
1003 2029 1157 2069 animus
1193 2034 1373 2081 apparet,
1407 2030 1523 2082 plane
1547 2029 1596 2069 ab
1619 2030 1866 2072 Anacreonte

137 2097 350 2138 abhorrere
389 2084 519 2149 ¹neque
558 2102 647 2136 ante
681 2096 1032 2135 Alexandrinorum
1067 2101 1275 2148 poetarum
1310 2097 1449 2136 florem
1482 2097 1712 2149 ponendum
1756 2110 1862 2148 esset,

136 2165 231 2217 quin
265 2164 460 2216 permulta
493 2163 637 2203 Juliani
661 2163 950 2215 Justinianique
974 2167 1153 2215 tempore
1185 2169 1229 2202 ex
1254 2162 1604 2214 epigrammatibus
1630 2164 1769 2206 solutis
1795 2177 1861 2206 ex·

135 2237 221 2272 orta
244 2232 425 2270 videntur
449 2232 497 2270 cs.
517 2231 666 2270 Herder
690 2230 730 2269 in
756 2229 900 2278 diariis,
927 2242 1026 2281 quae
1046 2226 1333 2269 inscribuntur:
1368 2229 1582 2270 Liebhaber
1607 2231 1677 2271 der
1695 2229 1862 2273 schonau
1907 2246 1910 2247 ⁷

137 2298 368 2339 Wissensch.
396 2310 439 2349 p.
465 2295 543 2338 64.-
586 2300 682 2343 ,βίη
715 2296 983 2348 scherzhastes
1015 2296 1270 2348 Epz'qramm,
1308 2297 1379 2336 das
1412 2309 1503 2337 vom
1530 2297 1640 2339 Wein
1665 2299 1760 2340 oder
1781 2311 1861 2341 von

135 2367 235 2414 „der
267 2365 378 2405 Liebe
411 2368 523 2405 einen
559 2367 713 2415 arcz'yen
755 2363 916 2416 Einfall
938 2368 1143 2419 vortrd9t‚
1170 2363 1277 2403 kann
1301 2376 1395 2403 man
1420 2364 1543 2404 durch
1567 2365 1641 2406 den
1669 2365 1862 2419 Schmuny
1893 2357 1910 2381 '¹

134 2434 230 2482 „des
265 2434 416 2473 kurzen
450 2432 733 2472 Se‘lbenmasses
763 2444 840 2483 yar
874 2430 966 2470 bald
999 2433 1045 2470 in
1078 2433 1162 2470 eine
1195 2430 1526 2472 Anakreontische
1564 2432 1645 2472 Ode
1676 2444 1860 2474 verwan—
1894 2443 1910 2488 'J

133 2500 305 2546 ‚,deln.“
341 2499 502 2538 Accedit
525 2499 631 2551 quod
657 2499 842 2551 pingendi
870 2511 946 2545 ars,
972 2500 1075 2549 quae·
1094 2497 1353 2538 Anacreontis
1378 2504 1557 2550 tempore
1573 2499 1632 2539 vix
1657 2512 1703 2541 ex
1721 2500 1860 2552 primis

132 2566 366 2607 rudimentis
392 2566 551 2606 emersit
575 2566 783 2618 solumque
807 2565 847 2604 in
873 2565 954 2604 deis
980 2564 1208 2616 effingendis
1232 2565 1483 2614 versabatur,
1510 2578 1601 2605 cum
1626 2578 1671 2606 ex
1694 2563 1859 2607 deorum
1890 2591 1900 2622 ς

132 2634 287 2686 templis
314 2633 355 2672 in
379 2633 623 2685 privatorum
647 2633 855 2672 hominum
880 2632 1017 2680 aedes,
1055 2644 1099 2671 ex
1133 2631 1297 2671 deorum
1323 2631 1526 2671 severitate
1557 2632 1605 2672 ad
1628 2645 1692 2672 res
1715 2633 1860 2674 huma-⁶

132 2714 203 2741 nas
228 2701 419 2752 lususque
443 2700 596 2752 lepidos
626 2699 911 2748 descendisset,
953 2711 1089 2738 ansam
1115 2698 1346 2750 saepissime
1370 2698 1553 2751 praebuit
1571 2690 1889 2740 'Anacreontei‘sw‘

130 2768 206 2807 illis
240 2766 472 2819 pangendis.
522 2766 786 2806 Nihilominus
818 2779 900 2805 non
935 2765 1063 2804 omnis
1094 2766 1210 2818 plane
1246 2765 1459 2805 auctoritas
1490 2765 1551 2804 his
1575 2753 1886 2807 Anacreonteis'*

131 2834 390 2887 abjudicanda
417 2839 497 2882 est,
542 2846 631 2872 cum
666 2837 786 2872 restet
812 2845 970 2872 carmen
1002 2831 1049 2872 ab
1070 2831 1343 2884 scriptoribus
1370 2832 1416 2871 ad
1442 2831 1731 2873 Anacreontem
1746 2833 1856 2875 ‚rela-
1883 2833 1888 2871 ἶ

130 2904 234 2949 tum,
279 2901 385 2953 quod
419 2900 458 2939 in
494 2899 753 2939 describendo
779 2899 951 2951 quodam
978 2899 1140 2938 artificio
1166 2904 1365 2947 versatur,
1410 2899 1478 2938 sed
1504 2911 1549 2938 ex
1573 2911 1621 2938 eo
1648 2899 1736 2951 ipso
1761 2899 1855 2953 quid
1882 2904 1886 2906 ’

130 2967 281 3007 differat
306 2968 499 3018 genuinus
525 2967 731 3006 Anacreon
758 2979 778 3004 a
800 2965 1069 3017 suppositiciis
1095 2965 1276 3004 elucebit.
1872 2975 1881 2978 ’“
