1962 3216
971 154 997 196 3

124 294 253 336 neque
281 293 382 335 quae
412 280 598 320 addenda.
620 279 823 320 videantur
853 280 969 320 scias.
1026 279 1117 320 Non
1137 269 1294 320 *desunt
1316 293 1474 334 quoque
1497 282 1568 322 viri
1593 283 1738 331 critici,
1779 285 1845 336 qui

124 348 222 390 1111111
245 360 335 390 vere
358 347 689 388 Anacreonticum
714 348 754 387 in
778 347 1060 388 Anacreonteis
1090 347 1221 388 inesse
1243 349 1492 401 profitentur.
1556 340 1748 402 Berykius
1772 350 1844 390 Ed

123 417 266 470 Anacr.
297 429 338 470 p.
362 412 403 456 4.
433 429 474 469 p.
499 412 584 457 252
615 415 701 456 aliis
734 414 832 456 locis
866 427 1021 458 summa
1054 415 1267 455 acerbitate
1300 415 1340 455 in
1375 428 1419 456 ea
1453 415 1670 466 invehitur,
1713 418 1844 457 onmia

123 476 360 526 Anacreonti
385 483 644 537 abjudicanda
662 488 808 533 censet,
834 482 1103 523 cantiunculas
1119 483 1214 522 satis
1232 482 1398 523 novitias
1417 483 1522 523 dicit.
1564 484 1611 524 0.
1623 484 1846 526 Muellerus

123 551 270 592 Histor.
283 563 340 604 gr.
351 550 467 591 litter.
488 563 534 603 p.
541 547 626 591 338
645 562 819 599 03115535,
845 563 891 591 ex
909 549 1053 603 quibus
1073 550 1284 603 rejicienda
1303 551 1394 600 sint,
1419 551 1468 591 ad
1488 555 1608 592 totam
1627 553 1846 592 carminum

125 618 397 662 collectionem
431 619 628 671 pertinere
660 618 886 670 profitetur,
922 617 1193 670 diversamque
1228 630 1367 657 eorum
1400 624 1583 660 naturam
1616 633 1662 661 ex
1695 621 1846 660 diversa

122 686 364 728 imitatorum
398 685 528 725 indole
563 690 678 738 atque
711 690 795 725 arte
827 685 1045 741 profectam
1079 697 1166 724 esse
1201 691 1348 725 censet.
1407 686 1642 741 Bernhardy
1664 687 1763 728 Hist.
1789 700 1846 740 gr.

122 753 250 794 litt.11
273 766 314 807 p.
333 749 420 793 497
442 752 541 792 haec
564 751 702 793 habet:
728 752 886 801 „nich'ts
910 751 1021 791 weist
1043 751 1084 791 in
1107 751 1226 792 altere
1251 753 1548 795 vorchristliche
1572 755 1656 796 Zeit
1679 756 1847 803 zuruck3

123 820 319 862 Mehrzahl
342 819 468 871 wenig
490 831 561 859 vor
584 819 779 859 Justinian
804 819 1078 860 entstanden.“

238 888 384 929 Contra
420 886 568 927 nostris
599 887 697 941 ipsis
727 886 972 940 temporibus
1007 887 1151 927 exstitit
1182 887 1547 929 Anacreonteorum
1577 896 1850 943 propugnator

123 955 302 1002 Lindau,
338 955 404 1008 qui
437 955 477 995 in
503 955 629 995 Praef.
653 967 693 1007 p.
720 955 766 995 X.
793 954 976 995 editionis
1001 966 1139 1006 graece
1163 954 1309 1008 scripta
1333 956 1431 996 haec
1455 958 1686 1010 profitetur:
1705 954 1753 998 -ἅ
1775 957 1850 1008 μὲν

123 1019 263 1078 φαῦλά
281 1022 389 1064 ἐστιν
406 1019 562 1062 ἔννοιαν
582 1022 648 1062 καὶ
666 1023 836 1075 ποιητοῦ
845 1019 1032 1076 ἀρχαίου,
1053 1017 1310 1062 παντάπασιν
1320 1020 1478 1074 ἀνάξια,
1497 1021 1522 1078 ἢ
1540 1022 1649 1065 ὅσων
1659 1022 1709 1065 τὰ
1719 1024 1850 1079 μέτρα

123 1089 249 1132 ἔοικεν
267 1086 367 1132 εἶναι
387 1088 544 1139 ἀνίατα,
569 1087 845 1142 ἄθετήσαντες
862 1087 913 1130 τὰ
927 1087 1047 1129 λοιπὰ
1066 1085 1346 1143 ἐτολμήσαμεν
1362 1089 1443 1132 ἀπὸ
1461 1090 1536 1141 ττῗῖς
1551 1088 1734 1145 ὖποψιάς
1751 1093 1851 1134 ἐκεί-

123 1173 196 1212 νης
224 1158 292 1200 καὶ
321 1154 664 1212 καταφρονήσεως
683 1156 934 1211 ἀμωσγέπως
963 1155 1154 1198 ἀπολύειν
1183 1158 1249 1198 καὶ
1276 1155 1425 1199 πάλιν·
1432 1159 1547 1212 τίμια
1577 1158 1682 1202 αὐτὰ
1712 1166 1851 1202 ποιεῖν.

123 1228 212 1276 Quo
241 1226 407 1267 consilio
436 1226 577 1266 ductus
605 1226 742 1267 decem
769 1232 922 1266 tantum
949 1220 1083 1266 odaria
1110 1227 1174 1266 od.
1205 1224 1229 1266 1
1250 1226 1335 1280 (M.
1357 1224 1450 1281 xyf.)
1475 1225 1531 1269 18
1548 1225 1636 1282 ((Υ).
1653 1226 1710 1271 24
1735 1226 1849 1282 (λη’).

122 1291 179 1336 25
199 1289 320 1347 (ta'.)
344 1290 402 1335 26
421 1284 536 1345 (μς-’).
562 1291 618 1335 27
640 1292 757 1347 (μζ).
781 1292 839 1334 49
859 1290 957 1347 (κὸ)
980 1291 1037 1334 48
1055 1290 1111 1348 (β’
1125 1293 1187 1348 †).
1213 1295 1259 1334 fr.
1278 1295 1295 1334 I
1314 1291 1435 1349 (ποθ’.)
1461 1296 1507 1336 fr.
1522 1296 1576 1336 ΠΙ
1593 1293 1699 1350 (23‘)
1719 1296 1854 1337 omisit

123 1362 271 1415 reliqua
295 1374 369 1414 pro
395 1361 575 1413 genuinis
599 1362 816 1402 venditans.
859 1362 925 1402 Sic
949 1367 1079 1402 autem
1105 1375 1187 1402 iem
1214 1362 1394 1412 instituit,
1419 1369 1465 1403 ut
1487 1376 1615 1417 neque
1633 1369 1851 1404 metrorum

98 1421 346 1479 rationem,
373 1429 499 1481 qualis
535 1429 748 1470 constituta
790 1435 850 1469 est
892 1429 940 1469 ab
974 1429 1201 1470 Hermanno
1242 1430 1444 1483 aliisque,
1470 1432 1684 1485 respiceret
1723 1444 1852 1484 neque

125 1497 309 1550 strophas
340 1502 572 1548 agnosceret
603 1509 731 1550 neque
763 1497 974 1538 verborum
1009 1498 1409 1541 ronnas..secund11m
1451 1499 1603 1540 dialecti
1636 1499 1741 1551 leges
1776 1499 1870 1539 sub·

117 1563 288 1614 'examen
322 1570 497 1613 vocaret,
542 1563 778 1610 obcaecatus
813 1564 1106 1617 quodammodo
1140 1565 1401 1606 Anacreontis
1435 1567 1497 1607 sui
1534 1579 1669 1608 amore
1705 1579 1853 1609 novum

124 1631 241 1685 plane
273 1631 367 1672 facit
399 1632 718 1684 transponendo,
753 1632 955 1681 mutando,
992 1632 1252 1685 conjiciendo.
1326 1634 1436 1682 Quae
1470 1647 1561 1674 cum
1594 1635 1647 1676 ita
1679 1634 1778 1684 sint,
1805 1635 1853 1674 de

124 1698 304 1758 plurimis
337 1699 436 1755 locis
470 1699 675 1752 disputari
695 1712 786 1740 cum
821 1712 867 1739 eo
903 1712 983 1739 non
1018 1705 1171 1752 potest,
1207 1712 1298 1741 cum
1323 1707 1425 1742 terra
1451 1702 1697 1750 communis,
1730 1716 1752 1742 e
1776 1699 1873 1754 qua‘

123 1772 332 1820 pugnetur,
356 1779 439 1807 non
453 1767 536 1820 jam
561 1766 613 1806 sit
632 1767 736 1807 data.

237 1824 325 1875 Jam
359 1833 475 1874 nobis
510 1835 558 1874 ad
598 1835 817 1874 carminum
842 1835 1035 1875 rationem
1059 1835 1327 1887 explicandam
1350 1835 1647 1886 accedentibus,
1684 1843 1727 1877 ut
1760 1837 1852 1889 quid

126 1901 375 1951 Anacreonti,
402 1901 494 1954 quid
512 1901 776 1942 imitatoribus
795 1902 1072 1960 vindicandum
1091 1908 1130 1942 et
1147 1903 1241 1955 quid
1265 1903 1379 1955 pretii
1397 1904 1574 1956 utrisque
1601 1904 1853 1944 tribuendum

125 1969 191 2018 sit,
217 1973 415 2023 appareat,
442 1974 532 2009 ante
557 1970 689 2009 omnia
708 1969 918 2009 videndum
944 1976 1015 2018 est,
1042 1982 1137 2009 num
1162 1970 1236 2010 hae
1260 1970 1359 2010 duae
1385 1971 1636 2022 quaestiones
1663 1971 1703 2010 in
1728 1976 1852 2010 unum

129 2036 314 2091 conjungi
337 2035 505 2088 possint.

240 2104 286 2144 ln
310 2103 536 2144 universum
550 2103 716 2156 quidem
736 2105 890 2156 poetica
917 2105 972 2144 vis
998 2118 1079 2145 non
1110 2105 1261 2144 minimi
1282 2104 1399 2144 nobis
1420 2105 1461 2144 in
1483 2110 1566 2145 arte
1587 2106 1721 2146 critica
1743 2119 1852 2145 exer-
1883 2133 1888 2138 -

130 2171 253 2211 cenda
288 2167 362 2210 e'rit
393 2160 604 2219 momenti,
656 2184 881 2224 quanquam
924 2185 945 2212 a
987 2172 1213 2212 novissimis
1250 2168 1465 2212 editoribus
1501 2173 1580 2212 sere
1622 2173 1728 2212 nulla
1770 2176 1853 2225 qius

129 2238 228 2279 ratio
239 2237 371 2278 habita
383 2243 444 2277 est
460 2238 739 2288 metuentibus,
760 2251 810 2278 ne
834 2239 1043 2279 ininanem
1065 2240 1173 2279 illum
1196 2238 1384 2278 orationis
1406 2245 1602 2279 tumorem
1624 2240 1853 2288 inciderent,

130 2306 197 2359 qui
221 2311 266 2346 ut
287 2305 497 2359 philologis
523 2301 638 2357 plane
662 2306 846 2358 indignus
872 2312 931 2346 est
954 2306 1006 2347 ita
1028 2319 1112 2346 rem
1137 2308 1264 2359 ipsam
1285 2306 1409 2357 magis
1428 2307 1661 2347 nebularum
1681 2307 1854 2348 tenebris

19 2396 22 2399 ·
63 2429 67 2433 .
129 2373 310 2422 involvit,
342 2385 460 2425 quam
486 2372 573 2412 luce
607 2373 702 2413 artis
738 2374 894 2414 criticae
929 2374 1109 2414 illustrat.
1168 2375 1349 2414 Attamen
1380 2386 1462 2413 non
1493 2374 1637 2414 desunt
1667 2375 1853 2422 carmina,

131 2453 232 2493 quae
254 2439 371 2480 nobis
396 2439 553 2492 quidem
579 2441 672 2480 satis
697 2441 832 2493 pulcra
858 2454 904 2481 ac
928 2446 1090 2481 venusta
1119 2442 1332 2490 videantur,
1369 2441 1490 2481 nihilo
1516 2441 1652 2496 minus,
1674 2442 1722 2481 ab
1749 2443 1854 2481 Ana-

132 2507 313 2553 creontis
334 2512 459 2556 aetate
490 2508 718 2559 longissime
747 2508 944 2548 recedant.
1004 2509 1134 2556 Quare
1166 2521 1256 2548 cum
1282 2509 1321 2547 in
1347 2509 1478 2560 priore
1503 2509 1590 2548 libri
1615 2515 1725 2561 parte
1751 2514 1855 2548 certa

132 2575 323 2628 quaedam
349 2574 506 2615 criticae
530 2575 623 2616 artis
648 2576 688 2615 in
712 2575 992 2616 Anacreonteis
1018 2576 1255 2615 exercendae
1280 2576 1531 2616 fundamenta
1557 2576 1737 2629 jacienda
1764 2576 1855 2623 sint,

121 2641 330 2695 ..posterior
351 2642 392 2681 in
419 2642 582 2693 singulis
608 2643 847 2682 carminibus
872 2655 1088 2695 eorumque
1112 2643 1266 2695 poetica
1291 2643 1448 2692 ratione
1467 2643 1698 2684 declaranda
1723 2656 1855 2682 veisa-

133 2708 251 2750 bitur.
312 2709 429 2758 Quod
463 2709 511 2749 ad
535 2710 708 2762 priorem
733 2710 1005 2762 quaestionem
1030 2710 1186 2759 attinet,
1223 2723 1305 2750 non
1330 2718 1409 2751 tam
1436 2711 1474 2750 id
1505 2724 1578 2751 nos
1604 2716 1855 2750 assecuturos

135 2789 221 2816 esse
247 2789 407 2829 sperare
429 2776 531 2826 licet,
558 2782 602 2816 ut
624 2777 715 2829 quid
742 2778 965 2817 necessario
990 2777 1227 2818 Anacreonti
1252 2777 1464 2827 tribuatur,
1499 2778 1711 2826 eliciamus,
1739 2789 1857 2829 quam
1888 2776 1890 2778 ’

135 2836 227 2896 quid
259 2844 294 2884 ei
325 2843 628 2897 abjudicandum
661 2850 699 2884 et
723 2845 878 2884 cuinam
911 2844 1151 2884 imitatorum
1186 2845 1318 2896 generi
1342 2845 1617 2885 vindicandum
1641 2845 1712 2894 sit,
1750 2844 1856 2882 evin-

137 2922 285 2950 camus.
364 2911 409 2951 In
450 2924 604 2951 summa
640 2912 744 2951 enim
780 2912 1096 2951 testimoniorum
1141 2918 1389 2952 externorum
1424 2912 1556 2963 inopia
1604 2909 1696 2961 (11151
1733 2910 1857 2949 tribus

136 2977 241 3018 enim
265 2978 304 3017 111
330 2978 427 3018 locis
452 2979 582 3018 afferri
608 2992 688 3019 uon
714 2979 901 3031 possunt)
937 2980 994 3019 vel
1028 2985 1131 3019 totus
1166 2980 1221 3019 rei
1254 2979 1371 3019 cardo
1398 2979 1435 3017 in
1463 2979 1680 3029 indaganda
1707 2978 1856 3016 interna

1550 3047 1585 3074 ι.
