1910 3268
939 218 990 260 21

106 340 343 391 ferebantur,
369 343 547 383 canendo
571 343 894 396 propagabantur
916 350 961 383 ut
984 345 1084 385 infra
1111 345 1340 392 vide-bimus,
1366 345 1413 384 iis
1435 345 1529 397 quin
1550 349 1587 383 et
1610 348 1834 396 temporum

107 403 152 448 et'
167 408 375 460 regionum
399 415 438 449 et
459 410 665 450 hominum
692 411 850 462 vestigia
874 411 1195 464 imprimerentur
1217 413 1301 451 fieri
1328 425 1408 451 non
1433 417 1609 464 poterat;
1635 417 1678 450 ut
1701 412 1834 463 plures

105 475 295 528 strophae
319 476 600 517 omittebantur
616 484 655 518 et
672 478 938 527 mutabantur,
965 478 1017 518 ita
1038 479 1162 518 multo
1177 479 1327 519 facilius
1351 470 1596 530 singulorum
1621 478 1835 518 vocabulo·

107 543 361 584 rumformae
384 557 406 584 a
430 545 598 596 genuina
619 545 783 585 dialecto
805 546 1149 597 degeneraverunt.
1197 546 1332 599 Neque
1350 546 1496 586 librarii
1520 546 1568 586 ab
1587 546 1695 585 omni
1721 546 1835 598 culpa

107 609 299 652 liberandi
334 617 448 659 sunt,
491 623 581 651 cum
614 612 681 651 ubi
701 597 819 652 'idem
854 612 1094 664 epigramma
1127 613 1189 652 bis
1224 614 1263 652 in
1294 613 1534 653 membranis
1565 613 1835 664 Anthologiae,

110 676 225 730 cujus
248 677 337 718 fatis
359 678 630 720 Anacreontea
655 679 978 732 conjunctissima
1002 685 1106 727 sunt,
1133 680 1355 729 exhibetur,
1382 693 1471 720 raro
1498 681 1634 721 eadem
1658 680 1698 720 iu
1723 686 1836 720 utro-

111 756 190 796 que
210 744 300 784 loco
326 744 430 785 circa
453 746 640 786 dialectos
666 746 843 786 obtineat
864 747 978 787 ratio.
1030 747 1071 786 Si
1096 747 1270 787 carmina
1295 747 1382 800 ipsa
1405 754 1644 800 spectamus,
1670 753 1841 801 quatuor

112 822 255 863 genera
288 810 590 852 in'universum
623 813 830 853 statuenda
863 813 1045 853 videntur
1076 813 1296 853 secundum
1331 814 1588 855 dialectorum
1623 816 1837 855 rationein:

113 877 155 919 in
177 877 308 932 primo
332 891 378 919 ea
401 880 584 931 ponenda
609 886 722 929 sunt,
758 893 859 932 quae
884 886 951 920 aut
974 881 1114 921 Jonica
1146 881 1263 933 plane
1287 881 1452 921 dialecto
1485 882 1632 934 scripta
1656 888 1750 922 sunt
1774 888 1842 922 aut

49 947 54 949 “
76 964 89 972 -
114 956 198 986 non
220 945 316 986 alias
339 946 550 987 admittunt
573 947 720 988 formas
747 947 884 989 atticas
904 961 1022 1000 quam
1038 961 1139 1000 quae
1153 954 1191 988 et
1211 948 1320 1000 ipsae
1333 948 1374 987 in
1392 948 1619 1000 fragmentis
1634 949 1840 1001 reperiun-

115 1018 201 1062 ωτι,
230 1019 325 1053 sunt
346 1018 477 1054 autem
500 1014 599 1054 haec
621 1012 651 1054 4
674 1014 749 1067 (λ).
785 1012 812 1054 5
839 1012 962 1066 (μβ).
995 1013 1023 1055 7
1048 1012 1171 1068 (23¹).
1215 1012 1245 1055 8
1269 1013 1365 1068 (λε’).
1401 1012 1430 1055 9
1464 1012 1567 1069 (ιδ’).
1605 1012 1661 1055 10
1684 1015 1738 1064 (l,
1772 1015 1842 1055 ubi

115 1079 274 1121 doricae
296 1080 454 1133 quidem
481 1082 630 1122 formae
654 1083 905 1135 reperiuntur
927 1084 996 1123 sed
1022 1097 1044 1123 a
1066 1081 1248 1123 Doriensi
1271 1095 1396 1136 puero
1420 1083 1630 1136 prolatae).
1681 1080 1733 1122 11
1754 1078 1839 1136 (ς’).

116 1144 173 1190 12
195 1143 294 1201 (θ’).
321 1145 375 1188 13
399 1144 494 1200 (ια’).
522 1146 576 1189 14
601 1146 705 1202 (ιβ’).
734 1147 786 1189 15
812 1146 897 1203 (ζ’).
926 1146 980 1190 16
1005 1146 1112 1202 (κζ).
1140 1147 1195 1189 17
1218 1147 1302 1202 (γ’),
1328 1150 1362 1190 si
1386 1163 1421 1190 v.
1446 1147 1474 1189 3
1498 1149 1726 1197 πανοπλίας
1750 1163 1842 1190 cum

114 1214 332 1255 veterrimis
357 1215 468 1256 Gellii
502 1216 739 1256 editionibus
764 1218 943 1269 legimus.
982 1214 1036 1257 19
1059 1213 1163 1269 (κά),
1198 1214 1256 1257 20
1281 1213 1395 1268 (κβ).
1430 1215 1484 1258 21
1525 1216 1624 1271 (ιζ).
1658 1216 1716 1259 24
1741 1214 1840 1269 (λή).

113 1279 192 1334 25(
212 1279 316 1335 μγ’).
349 1279 407 1324 26
430 1280 547 1335 (μς’).
581 1280 639 1323 29
664 1281 762 1335 (ις’).
797 1281 855 1324 30
878 1282 983 1337 (ιδ’).
1020 1282 1074 1324 31
1101 1281 1175 1336 (ἡ).
1212 1281 1268 1324 32
1294 1282 1396 1336 (ιγ’).
1431 1283 1487 1325 33
1513 1283 1608 1337 (κε’).
1641 1282 1697 1325 35
1725 1282 1840 1336 (νβ’).

112 1346 171 1391 38
194 1347 296 1404 (με’).
322 1346 380 1390 39
402 1346 512 1403 (μή).
536 1347 595 1391 40
611 1347 721 1404 (λγ’).
747 1349 804 1391 43
830 1348 944 1403 (λβ).
968 1348 1025 1391 46
1046 1349 1121 1404 (κζ’
1135 1350 1218 1400 -†-).
1242 1349 1299 1392 47
1324 1349 1434 1406 (λζ’).
1458 1349 1516 1393 48
1541 1350 1634 1405 (νέ).
1660 1349 1718 1392 50
1741 1348 1840 1406 (νή).

113 1414 171 1458 53
194 1414 270 1471 (κς’
284 1417 367 1467 -Ι-).
416 1418 600 1458 Secundo
624 1418 715 1458 loco
739 1419 924 1471 ponenda
947 1425 1042 1459 sunt
1064 1432 1110 1460 ea
1134 1420 1321 1468 carmina,
1347 1420 1387 1459 in
1402 1420 1547 1472 quibus
1562 1421 1713 1460 formae
1726 1419 1843 1472 plane

113 1484 253 1525 atticae
277 1491 494 1525 occurrunt
509 1485 549 1524 in
569 1486 797 1537 fragmentis
819 1499 901 1525 non
915 1492 1105 1538 repertae,
1130 1486 1224 1538 quin
1249 1500 1349 1539 quae
1370 1487 1530 1527 nonnisi
1551 1487 1700 1527 seriore
1720 1491 1845 1527 aetate

112 1551 154 1591 in
174 1564 293 1592 usum
316 1558 527 1593 venerunt:
564 1550 587 1592 1
614 1550 723 1606 (κγ’).
759 1551 787 1592 2
811 1550 926 1605 (κδ’).
952 1551 978 1593 3
1007 1550 1109 1604 (λα’).
1144 1550 1197 1593 18
1221 1551 1315 1606 (ιε’).
1352 1551 1409 1594 28
1434 1554 1521 1606 (ιε).
1559 1551 1617 1594 36
1640 1550 1761 1606 (μδ).
1787 1551 1843 1593 37

112 1617 218 1672 (με’).
241 1616 300 1660 42
324 1615 419 1672 (μ’).
455 1617 513 1659 44
537 1617 637 1673 (κῆ).
671 1617 726 1659 45
752 1616 861 1672 (κζ’).
888 1618 940 1660 51
968 1617 1079 1673 (vy').
1133 1621 1191 1660 Ad
1216 1621 1372 1661 tertium
1409 1634 1533 1673 genus
1566 1622 1766 1674 pertinent
1799 1633 1845 1660 ea

113 1686 288 1727 carmina
321 1686 363 1726 iu
397 1687 541 1739 quibus
575 1688 734 1728 doricae
766 1689 916 1728 formae
948 1688 1175 1740 promiscue
1210 1701 1302 1728 cum
1336 1689 1476 1728 ionicis
1517 1693 1781 1741 usurpantur:
1815 1684 1845 1727 6

113 1748 209 1806 (μά)
234 1750 290 1795 23
314 1749 427 1807 (λό).
452 1751 510 1794 34
535 1750 663 1807 (pt-9¹),
687 1751 743 1794 41
761 1751 868 1807 (λς’).
893 1751 951 1795 49
976 1751 1083 1807 (νς’).
1109 1752 1282 1809 54(να’).
1308 1756 1343 1795 Π
1370 1769 1432 1808 ap.
1454 1755 1484 1795 F
1488 1756 1586 1796 isch.
1612 1756 1715 1795 inter
1735 1755 1841 1806 frag-

110 1827 244 1863 menta
265 1821 430 1862 relatum
450 1817 557 1875 (νζ).
607 1821 742 1863 Restat
764 1822 884 1873 igitur
906 1834 1030 1862 unum
1057 1823 1236 1862 odarium
1261 1820 1318 1863 27
1337 1819 1453 1875 (μζ),
1479 1823 1586 1875 quod
1613 1835 1704 1862 cum
1728 1822 1846 1874 plane

112 1887 247 1929 dorica
270 1888 435 1930 dialecto
469 1889 661 1941 scriptum
696 1889 767 1938 sit,
803 1894 987 1941 quartum
1024 1890 1244 1930 carminum
1278 1902 1402 1941 genus
1434 1890 1567 1929 efficit.
1617 1890 1662 1929 In
1686 1901 1845 1929 umver-

113 1967 204 1996 sum
226 1955 385 2008 quidem
410 1957 677 1996 confitendum
712 1962 772 1996 est
796 1956 929 1996 multis
954 1957 995 1997 in
1021 1957 1263 1997 carminibus
1294 1957 1397 1996 hanc
1422 1956 1470 1995 de
1502 1956 1667 1996 dialecto
1694 1956 1845 2008 disqui-

113 2021 298 2062 sitionem
322 2023 370 2063 ad
394 2022 586 2076 liquidum
609 2023 774 2077 perduci
798 2036 880 2063 non
904 2037 1047 2076 posse,
1082 2037 1173 2064 cum
1204 2030 1243 2064 et
1265 2023 1356 2063 libri
1386 2024 1523 2076 scripti
1549 2023 1784 2064 dissentiant
1808 2029 1846 2062 et

115 2089 331 2140 {figmenta
354 2090 523 2141 genuina
546 2090 736 2146 pauciora
759 2090 1019 2142 brevioraque
1053 2091 1134 2130 sint
1165 2104 1284 2143 quam
1318 2097 1363 2130 ut
1384 2092 1601 2143 praefracte
1636 2091 1739 2130 lianc
1763 2090 1845 2129 for-

115 2167 222 2196 mam
245 2156 505 2198 Anacreontis
528 2170 616 2198 esse
639 2158 861 2210 negaveris;
886 2157 1142 2197 nihilominus
1165 2157 1351 2209 loquendi
1376 2170 1474 2205 usu,
1502 2158 1628 2210 qualis
1653 2156 1848 2209 reperitur

116 2222 159 2262 in
181 2222 431 2274 fragmentis,
466 2237 541 2277 pro
575 2225 830 2265 fundamento
865 2225 1054 2264 utendum
1090 2230 1171 2272 est,
1207 2237 1287 2276 quo
1316 2224 1459 2277 ,critica
1484 2225 1847 2264 Anacreonteorum

119 2287 340 2342 disquisitio
366 2290 524 2331 nitatur.

935 2448 972 2502 ς.
995 2447 1035 2488 4.

340 2537 432 2581 Quae
457 2549 474 2571 s
483 2549 505 2581 y
516 2550 535 2571 n
547 2544 562 2571 t
570 2549 589 2571 a
599 2549 618 2571 c
628 2544 641 2571 t
650 2540 660 2571 i
670 2549 688 2571 c
697 2549 718 2571 a
741 2539 961 2571 Anacreontis
986 2538 1242 2580 fragmentorum
1262 2538 1630 2581 Anacreonteorumque

778 2595 958 2627 carminum
974 2594 1061 2627 ratio
1079 2593 1193 2627 fuerit.

238 2695 472 2748 Quanquam
498 2696 538 2735 in
563 2695 906 2736 enunciationibus
926 2695 1221 2735 conformandis
1254 2695 1638 2748 conjungendisque,
1668 2696 1708 2735 in
1727 2695 1851 2747 parti·

126 2761 302 2802 cularum
325 2775 400 2802 usu
424 2762 630 2815 scriptoris
665 2762 865 2814 ingenium
899 2762 1067 2802 maxime
1097 2768 1261 2815 apparet
1283 2761 1452 2814 indeque
1473 2775 1519 2801 eo
1545 2763 1721 2802 firmiora
1736 2774 1854 2813 argu-

126 2833 259 2869 menta
282 2828 322 2868 in
347 2835 429 2869 arte
453 2830 587 2870 critica
610 2835 816 2882 petuntur,
848 2842 927 2882 quo
951 2829 1083 2869 minus
1108 2834 1191 2870 arte
1225 2834 1341 2880 atque
1375 2829 1564 2877 consilio,
1596 2829 1665 2868 sed
1701 2829 1855 2870 interno

110 2895 299 2951 ‘quodam
324 2897 500 2948 quamvis
525 2896 697 2937 obscuro
735 2910 857 2937 sensu
896 2897 1110 2949 scriptores
1145 2897 1271 2948 egisse
1296 2895 1542 2935 existimandi
1575 2901 1691 2943 sunt,
1717 2901 1858 2940 *tamen

131 2961 181 3013 agl
202 2955 392 3003 nostram
405 2964 676 3016 quaestionem
712 2976 795 3003 non
820 2963 1034 3004 admodum
1060 2963 1233 3011 confert,
1271 2975 1361 3002 cum
1398 2968 1437 3002 et
1470 2975 1513 3004 ex
1549 2963 1858 3013 fragmentorum

130 3026 316 3071 brevitate
350 3042 430 3068 non
456 3030 622 3070 multum
658 3030 744 3069 elici
780 3030 910 3081 possit
932 3042 1059 3081 neque
1085 3029 1302 3079 argumenti
1329 3029 1472 3068 levitati
1503 3029 1758 3080 respondeat,
1785 3016 1861 3067 nisi
