<?xml version="1.0" encoding="UTF-8"?>
<!DOCTYPE html PUBLIC "-//W3C//DTD XHTML 1.0 Transitional//EN"
    "http://www.w3.org/TR/xhtml1/DTD/xhtml1-transitional.dtd">
<html xmlns="http://www.w3.org/1999/xhtml" xml:lang="en" lang="en">
 <head>
  <title>
</title>
<meta http-equiv="Content-Type" content="text/html;charset=utf-8" />
  <meta name='ocr-system' content='tesseract 3.04.00' />
  <meta name='ocr-capabilities' content='ocr_page ocr_carea ocr_par ocr_line ocrx_word'/>
</head>
<body>
  <div class='ocr_page' id='page_1' title='image "./quaestionumanacr00staruoft_0048.png"; bbox 0 0 1910 3268; ppageno 0'>
   <div class='ocr_carea' id='block_1_1' title="bbox 83 299 1819 563">
    <p class='ocr_par' dir='ltr' id='par_1_1' title="bbox 83 299 1819 563">
     <span class='ocr_line' id='line_1_1' title="bbox 83 299 1819 362; baseline 0.002 -16"><span class='ocrx_word' id='word_1_1' title='bbox 83 299 304 346; x_wconf 29' lang='lat' dir='ltr'>*videndum</span> <span class='ocrx_word' id='word_1_2' title='bbox 331 306 415 345; x_wconf 86' lang='lat' dir='ltr'>erit.</span> <span class='ocrx_word' id='word_1_3' title='bbox 475 306 613 346; x_wconf 88' lang='lat' dir='ltr'>Statim</span> <span class='ocrx_word' id='word_1_4' title='bbox 640 305 812 344; x_wconf 87' lang='lat' dir='ltr'>occurrit</span> <span class='ocrx_word' id='word_1_5' title='bbox 842 304 958 344; x_wconf 86' lang='lat' dir='ltr'>nohis</span> <span class='ocrx_word' id='word_1_6' title='bbox 991 305 1126 355; x_wconf 87' lang='lat' dir='ltr'>locus,</span> <span class='ocrx_word' id='word_1_7' title='bbox 1159 306 1209 346; x_wconf 84' lang='lat' dir='ltr'>ad</span> <span class='ocrx_word' id='word_1_8' title='bbox 1243 319 1360 359; x_wconf 88' lang='lat' dir='ltr'>quem</span> <span class='ocrx_word' id='word_1_9' title='bbox 1395 309 1610 355; x_wconf 85' lang='lat' dir='ltr'>nemodum</span> <span class='ocrx_word' id='word_1_10' title='bbox 1644 308 1819 362; x_wconf 85' lang='lat' dir='ltr'>(praeter</span> 
     </span>
     <span class='ocr_line' id='line_1_2' title="bbox 95 368 1818 430; baseline 0.002 -16"><span class='ocrx_word' id='word_1_11' title='bbox 95 373 323 426; x_wconf 83' lang='lat' dir='ltr'><strong>Bernhardy</strong></span> <span class='ocrx_word' id='word_1_12' title='bbox 355 373 456 422; x_wconf 90' lang='lat' dir='ltr'>Hist.</span> <span class='ocrx_word' id='word_1_13' title='bbox 492 385 566 423; x_wconf 57' lang='lat' dir='ltr'>gr„</span> <span class='ocrx_word' id='word_1_14' title='bbox 584 372 655 411; x_wconf 89' lang='lat' dir='ltr'>litt.</span> <span class='ocrx_word' id='word_1_15' title='bbox 690 373 737 421; x_wconf 87' lang='lat'>11,</span> <span class='ocrx_word' id='word_1_16' title='bbox 773 385 812 424; x_wconf 90' lang='lat' dir='ltr'>p.</span> <span class='ocrx_word' id='word_1_17' title='bbox 845 368 949 421; x_wconf 88' lang='lat'>503,</span> <span class='ocrx_word' id='word_1_18' title='bbox 985 386 1102 426; x_wconf 87' lang='lat' dir='ltr'>quem</span> <span class='ocrx_word' id='word_1_19' title='bbox 1138 386 1259 426; x_wconf 90' lang='lat' dir='ltr'>opere</span> <span class='ocrx_word' id='word_1_20' title='bbox 1287 374 1370 427; x_wconf 88' lang='lat' dir='ltr'>jam</span> <span class='ocrx_word' id='word_1_21' title='bbox 1406 375 1587 416; x_wconf 89' lang='lat' dir='ltr'>absoluto</span> <span class='ocrx_word' id='word_1_22' title='bbox 1621 376 1818 430; x_wconf 82' lang='lat' dir='ltr'><strong>inspicere</strong></span> 
     </span>
     <span class='ocr_line' id='line_1_3' title="bbox 95 438 1816 494; baseline 0.002 -13"><span class='ocrx_word' id='word_1_23' title='bbox 95 440 222 494; x_wconf 89' lang='lat' dir='ltr'>licuit)</span> <span class='ocrx_word' id='word_1_24' title='bbox 256 441 420 481; x_wconf 88' lang='lat' dir='ltr'>attendit</span> <span class='ocrx_word' id='word_1_25' title='bbox 452 440 625 480; x_wconf 83' lang='lat' dir='ltr'>animum</span> <span class='ocrx_word' id='word_1_26' title='bbox 650 439 690 479; x_wconf 87' lang='lat' dir='ltr'>in</span> <span class='ocrx_word' id='word_1_27' title='bbox 714 439 831 480; x_wconf 87' lang='lat' dir='ltr'>Anth.</span> <span class='ocrx_word' id='word_1_28' title='bbox 857 439 939 480; x_wconf 89' lang='lat' dir='ltr'>Pal.</span> <span class='ocrx_word' id='word_1_29' title='bbox 966 440 1042 481; x_wconf 89' lang='lat' dir='ltr'>vol.</span> <span class='ocrx_word' id='word_1_30' title='bbox 1068 441 1134 490; x_wconf 87' lang='grc' dir='ltr'>ΙΙΙ,</span> <span class='ocrx_word' id='word_1_31' title='bbox 1159 455 1200 494; x_wconf 91' lang='lat' dir='ltr'>p.</span> <span class='ocrx_word' id='word_1_32' title='bbox 1225 438 1322 483; x_wconf 86' lang='lat'><strong>814.</strong></span> <span class='ocrx_word' id='word_1_33' title='bbox 1347 455 1387 483; x_wconf 92' lang='lat' dir='ltr'>n.</span> <span class='ocrx_word' id='word_1_34' title='bbox 1413 443 1498 492; x_wconf 86' lang='lat' dir='ltr'>XV,</span> <span class='ocrx_word' id='word_1_35' title='bbox 1534 443 1603 483; x_wconf 91' lang='lat' dir='ltr'>ubi</span> <span class='ocrx_word' id='word_1_36' title='bbox 1636 444 1677 484; x_wconf 90' lang='lat' dir='ltr'>in</span> <span class='ocrx_word' id='word_1_37' title='bbox 1707 456 1816 485; x_wconf 87' lang='lat' dir='ltr'>mar-</span> 
     </span>
     <span class='ocr_line' id='line_1_4' title="bbox 97 506 1819 563; baseline 0.002 -14"><span class='ocrx_word' id='word_1_38' title='bbox 97 509 185 560; x_wconf 81' lang='lat' dir='ltr'>gine</span> <span class='ocrx_word' id='word_1_39' title='bbox 221 509 269 549; x_wconf 90' lang='lat' dir='ltr'>ad</span> <span class='ocrx_word' id='word_1_40' title='bbox 302 507 466 548; x_wconf 87' lang='lat' dir='ltr'>Joannis</span> <span class='ocrx_word' id='word_1_41' title='bbox 501 507 744 557; x_wconf 80' lang='lat' dir='ltr'>grammatici</span> <span class='ocrx_word' id='word_1_42' title='bbox 779 507 933 548; x_wconf 87' lang='lat' dir='ltr'>Gazaei</span> <span class='ocrx_word' id='word_1_43' title='bbox 961 506 1156 563; x_wconf 71' lang='grc' dir='ltr'><strong><em>ἕκφρασιν</em></strong></span> <span class='ocrx_word' id='word_1_44' title='bbox 1198 508 1364 556; x_wconf 76' lang='grc' dir='ltr'><strong><em>πίνακος</em></strong></span> <span class='ocrx_word' id='word_1_45' title='bbox 1397 512 1596 561; x_wconf 75' lang='grc' dir='ltr'><strong><em>κοσμικοῢ</em></strong></span> <span class='ocrx_word' id='word_1_46' title='bbox 1635 511 1819 563; x_wconf 82' lang='lat' dir='ltr'>leguntur</span> 
     </span>
    </p>
   </div>
   <div class='ocr_carea' id='block_1_2' title="bbox 72 585 1853 869">
    <p class='ocr_par' dir='ltr' id='par_1_2' title="bbox 72 585 1853 869">
     <span class='ocr_line' id='line_1_5' title="bbox 740 585 754 601; baseline 0 0"><span class='ocrx_word' id='word_1_47' title='bbox 740 585 754 601; x_wconf 68' lang='grc' dir='ltr'><em>Τ</em></span> 
     </span>
     <span class='ocr_line' id='line_1_6' title="bbox 95 602 1819 665; baseline 0.001 -15"><span class='ocrx_word' id='word_1_48' title='bbox 95 610 215 651; x_wconf 90' lang='lat' dir='ltr'>haec:</span> <span class='ocrx_word' id='word_1_49' title='bbox 241 633 295 637; x_wconf 82' lang='lat'><em>-</em></span> <span class='ocrx_word' id='word_1_50' title='bbox 320 610 387 651; x_wconf 82' lang='grc' dir='ltr'>καὶ</span> <span class='ocrx_word' id='word_1_51' title='bbox 413 606 472 649; x_wconf 82' lang='grc' dir='ltr'>ὅτι</span> <span class='ocrx_word' id='word_1_52' title='bbox 497 605 522 662; x_wconf 76' lang='grc' dir='ltr'><em>ἦ</em></span> <span class='ocrx_word' id='word_1_53' title='bbox 548 605 663 653; x_wconf 81' lang='grc' dir='ltr'><strong><em>πόλις</em></strong></span> <span class='ocrx_word' id='word_1_54' title='bbox 688 623 749 648; x_wconf 78' lang='lat' dir='ltr'>av</span> <span class='ocrx_word' id='word_1_55' title='bbox 775 606 914 661; x_wconf 82' lang='lat' dir='ltr'>(Gaza)</span> <span class='ocrx_word' id='word_1_56' title='bbox 953 605 1202 663; x_wconf 77' lang='grc' dir='ltr'><strong><em>φιλόμουσος</em></strong></span> <span class='ocrx_word' id='word_1_57' title='bbox 1235 602 1286 663; x_wconf 78' lang='grc' dir='ltr'>ἦν</span> <span class='ocrx_word' id='word_1_58' title='bbox 1320 609 1386 651; x_wconf 83' lang='grc' dir='ltr'>καὶ</span> <span class='ocrx_word' id='word_1_59' title='bbox 1421 609 1510 665; x_wconf 79' lang='grc' dir='ltr'><em>περὶ</em></span> <span class='ocrx_word' id='word_1_60' title='bbox 1545 608 1641 660; x_wconf 79' lang='grc' dir='ltr'><strong><em>τοὺς</em></strong></span> <span class='ocrx_word' id='word_1_61' title='bbox 1674 607 1819 664; x_wconf 80' lang='grc' dir='ltr'><strong><em>λόγους</em></strong></span> 
     </span>
     <span class='ocr_line' id='line_1_7' title="bbox 109 681 1770 706; baseline 0.003 -5"><span class='ocrx_word' id='word_1_62' title='bbox 109 682 116 688; x_wconf 86' lang='grc'><em>·</em></span> <span class='ocrx_word' id='word_1_63' title='bbox 902 687 917 702; x_wconf 77' lang='lat' dir='ltr'>r</span> <span class='ocrx_word' id='word_1_64' title='bbox 1745 681 1770 706; x_wconf 75' lang='grc' dir='ltr'><em>θ</em></span> 
     </span>
     <span class='ocr_line' id='line_1_8' title="bbox 72 706 1818 767; baseline 0.001 -15"><span class='ocrx_word' id='word_1_65' title='bbox 72 713 150 760; x_wconf 74' lang='grc' dir='ltr'><strong><em>-εἷς</em></strong></span> <span class='ocrx_word' id='word_1_66' title='bbox 183 710 309 765; x_wconf 82' lang='grc' dir='ltr'><strong><em>ἄκρον</em></strong></span> <span class='ocrx_word' id='word_1_67' title='bbox 344 712 562 763; x_wconf 75' lang='grc' dir='ltr'><strong><em>ἐληλακυῖα</em></strong></span> <span class='ocrx_word' id='word_1_68' title='bbox 587 706 787 763; x_wconf 75' lang='grc' dir='ltr'><strong><em>ἐλλόγιμοι</em></strong></span> <span class='ocrx_word' id='word_1_69' title='bbox 822 725 917 751; x_wconf 85' lang='grc' dir='ltr'>ταυ</span> <span class='ocrx_word' id='word_1_70' title='bbox 952 712 1026 764; x_wconf 82' lang='grc' dir='ltr'>τῆς</span> <span class='ocrx_word' id='word_1_71' title='bbox 1050 713 1126 752; x_wconf 88' lang='grc' dir='ltr'>πολ</span> <span class='ocrx_word' id='word_1_72' title='bbox 1152 708 1325 764; x_wconf 77' lang='grc' dir='ltr'><strong><em>ι’ωάννης</em></strong></span> <span class='ocrx_word' id='word_1_73' title='bbox 1346 709 1600 767; x_wconf 38' lang='grc' dir='ltr'><strong><em>,προκόπιοςε</em></strong></span> <span class='ocrx_word' id='word_1_74' title='bbox 1632 728 1682 754; x_wconf 86' lang='grc' dir='ltr'>τι</span> <span class='ocrx_word' id='word_1_75' title='bbox 1691 729 1724 765; x_wconf 71' lang='grc' dir='ltr'>,ιι</span> <span class='ocrx_word' id='word_1_76' title='bbox 1736 708 1774 754; x_wconf 66' lang='grc' dir='ltr'>ο”</span> <span class='ocrx_word' id='word_1_77' title='bbox 1795 709 1818 753; x_wconf 77' lang='grc' dir='ltr'><strong><em>ὅ</em></strong></span> 
     </span>
     <span class='ocr_line' id='line_1_9' title="bbox 1191 790 1205 806; baseline 0 0"><span class='ocrx_word' id='word_1_78' title='bbox 1191 790 1205 806; x_wconf 73' lang='grc' dir='ltr'>Ῐ</span> 
     </span>
     <span class='ocr_line' id='line_1_10' title="bbox 91 809 1853 869; baseline 0.003 -16"><span class='ocrx_word' id='word_1_79' title='bbox 91 810 258 867; x_wconf 76' lang='grc' dir='ltr'><em>γράψας</em></span> <span class='ocrx_word' id='word_1_80' title='bbox 281 814 366 867; x_wconf 76' lang='grc' dir='ltr'><em>περὶ</em></span> <span class='ocrx_word' id='word_1_81' title='bbox 395 809 506 862; x_wconf 85' lang='grc' dir='ltr'><strong><em>ζώων</em></strong></span> <span class='ocrx_word' id='word_1_82' title='bbox 531 812 715 852; x_wconf 79' lang='grc' dir='ltr'><strong><em>ἶνὸικῶν·</em></strong></span> <span class='ocrx_word' id='word_1_83' title='bbox 740 811 807 852; x_wconf 82' lang='grc' dir='ltr'>καὶ</span> <span class='ocrx_word' id='word_1_84' title='bbox 832 811 869 853; x_wconf 79' lang='grc' dir='ltr'>οἳ</span> <span class='ocrx_word' id='word_1_85' title='bbox 893 815 975 853; x_wconf 78' lang='grc' dir='ltr'>τῶν</span> <span class='ocrx_word' id='word_1_86' title='bbox 1000 811 1198 865; x_wconf 76' lang='grc' dir='ltr'><strong><em>ἀνακρεον</em></strong></span> <span class='ocrx_word' id='word_1_87' title='bbox 1221 814 1365 866; x_wconf 82' lang='grc' dir='ltr'><strong><em>ποιητξ</em></strong></span> <span class='ocrx_word' id='word_1_88' title='bbox 1386 811 1590 869; x_wconf 74' lang='grc' dir='ltr'><strong><em>διάφοροι.</em></strong></span> <span class='ocrx_word' id='word_1_89' title='bbox 1619 818 1624 822; x_wconf 77' lang='grc'><strong>’</strong></span> <span class='ocrx_word' id='word_1_90' title='bbox 1648 816 1707 856; x_wconf 87' lang='lat' dir='ltr'>Ex</span> <span class='ocrx_word' id='word_1_91' title='bbox 1739 817 1818 856; x_wconf 71' lang='lat' dir='ltr'>l&#39;lna</span> <span class='ocrx_word' id='word_1_92' title='bbox 1851 856 1853 859; x_wconf 44' lang='lat'><strong>.</strong></span> 
     </span>
    </p>
   </div>
   <div class='ocr_carea' id='block_1_3' title="bbox 37 881 1819 2434">
    <p class='ocr_par' dir='ltr' id='par_1_3' title="bbox 37 881 1819 1814">
     <span class='ocr_line' id='line_1_11' title="bbox 91 881 1816 936; baseline 0.001 -14"><span class='ocrx_word' id='word_1_93' title='bbox 91 882 209 934; x_wconf 84' lang='lat' dir='ltr'>igitur</span> <span class='ocrx_word' id='word_1_94' title='bbox 226 881 323 921; x_wconf 90' lang='lat' dir='ltr'>urbe</span> <span class='ocrx_word' id='word_1_95' title='bbox 343 882 445 922; x_wconf 82' lang='lat' dir='ltr'>Gaza</span> <span class='ocrx_word' id='word_1_96' title='bbox 467 894 548 921; x_wconf 91' lang='lat' dir='ltr'>non</span> <span class='ocrx_word' id='word_1_97' title='bbox 567 893 709 932; x_wconf 87' lang='lat' dir='ltr'>magna</span> <span class='ocrx_word' id='word_1_98' title='bbox 733 881 865 934; x_wconf 88' lang='lat' dir='ltr'>plnres</span> <span class='ocrx_word' id='word_1_99' title='bbox 891 881 1120 921; x_wconf 86' lang='lat' dir='ltr'>exstiterunt</span> <span class='ocrx_word' id='word_1_100' title='bbox 1142 882 1400 923; x_wconf 83' lang='lat' dir='ltr'>Anacreontis</span> <span class='ocrx_word' id='word_1_101' title='bbox 1425 883 1664 933; x_wconf 85' lang='lat' dir='ltr'>imitatores;</span> <span class='ocrx_word' id='word_1_102' title='bbox 1689 895 1816 936; x_wconf 85' lang='lat' dir='ltr'>quan-</span> 
     </span>
     <span class='ocr_line' id='line_1_12' title="bbox 91 949 1818 1003; baseline 0.001 -13"><span class='ocrx_word' id='word_1_103' title='bbox 91 955 154 990; x_wconf 89' lang='lat' dir='ltr'>tus</span> <span class='ocrx_word' id='word_1_104' title='bbox 191 963 329 989; x_wconf 88' lang='lat' dir='ltr'>eorum</span> <span class='ocrx_word' id='word_1_105' title='bbox 362 949 581 989; x_wconf 88' lang='lat' dir='ltr'>inveniatur</span> <span class='ocrx_word' id='word_1_106' title='bbox 615 961 803 988; x_wconf 90' lang='lat' dir='ltr'>numerus</span> <span class='ocrx_word' id='word_1_107' title='bbox 838 962 882 988; x_wconf 88' lang='lat' dir='ltr'>ex</span> <span class='ocrx_word' id='word_1_108' title='bbox 917 954 999 989; x_wconf 86' lang='lat' dir='ltr'>toto</span> <span class='ocrx_word' id='word_1_109' title='bbox 1027 949 1345 990; x_wconf 88' lang='lat' dir='ltr'>Graecoromano</span> <span class='ocrx_word' id='word_1_110' title='bbox 1380 949 1569 1003; x_wconf 89' lang='lat' dir='ltr'>imperio!</span> <span class='ocrx_word' id='word_1_111' title='bbox 1642 950 1818 991; x_wconf 88' lang='lat' dir='ltr'>Gazaeus</span> 
     </span>
     <span class='ocr_line' id='line_1_13' title="bbox 90 1016 1816 1071; baseline -0.001 -13"><span class='ocrx_word' id='word_1_112' title='bbox 90 1031 248 1071; x_wconf 82' lang='lat' dir='ltr'>quoque</span> <span class='ocrx_word' id='word_1_113' title='bbox 272 1017 500 1057; x_wconf 86' lang='lat' dir='ltr'>nominatur</span> <span class='ocrx_word' id='word_1_114' title='bbox 519 1017 694 1056; x_wconf 80' lang='lat' dir='ltr'>Joannes</span> <span class='ocrx_word' id='word_1_115' title='bbox 719 1016 997 1067; x_wconf 85' lang='lat' dir='ltr'>grammaticus</span> <span class='ocrx_word' id='word_1_116' title='bbox 1022 1017 1062 1056; x_wconf 91' lang='lat' dir='ltr'>in</span> <span class='ocrx_word' id='word_1_117' title='bbox 1089 1016 1356 1069; x_wconf 81' lang='lat' dir='ltr'>alphabetario</span> <span class='ocrx_word' id='word_1_118' title='bbox 1385 1018 1511 1058; x_wconf 88' lang='lat' dir='ltr'>codici</span> <span class='ocrx_word' id='word_1_119' title='bbox 1531 1017 1816 1059; x_wconf 88' lang='lat' dir='ltr'>Barberiniano</span> 
     </span>
     <span class='ocr_line' id='line_1_14' title="bbox 89 1083 1817 1139; baseline -0.001 -13"><span class='ocrx_word' id='word_1_120' title='bbox 89 1085 317 1139; x_wconf 84' lang='lat' dir='ltr'>praeposito</span> <span class='ocrx_word' id='word_1_121' title='bbox 354 1085 402 1124; x_wconf 85' lang='lat' dir='ltr'>cf.</span> <span class='ocrx_word' id='word_1_122' title='bbox 439 1083 536 1135; x_wconf 84' lang='lat' dir='ltr'><strong>Aug.</strong></span> <span class='ocrx_word' id='word_1_123' title='bbox 574 1083 663 1123; x_wconf 80' lang='lat' dir='ltr'>Mai.</span> <span class='ocrx_word' id='word_1_124' title='bbox 700 1083 834 1135; x_wconf 86' lang='lat' dir='ltr'>Spicil.</span> <span class='ocrx_word' id='word_1_125' title='bbox 869 1083 983 1124; x_wconf 90' lang='lat' dir='ltr'>Rom.</span> <span class='ocrx_word' id='word_1_126' title='bbox 1009 1083 1070 1132; x_wconf 89' lang='lat' dir='ltr'>IV,</span> <span class='ocrx_word' id='word_1_127' title='bbox 1103 1097 1142 1137; x_wconf 90' lang='lat' dir='ltr'>p.</span> <span class='ocrx_word' id='word_1_128' title='bbox 1168 1083 1337 1125; x_wconf 88' lang='lat' dir='ltr'><strong>XXXVII</strong></span> <span class='ocrx_word' id='word_1_129' title='bbox 1370 1085 1472 1125; x_wconf 91' lang='lat' dir='ltr'>inter</span> <span class='ocrx_word' id='word_1_130' title='bbox 1504 1084 1817 1126; x_wconf 88' lang='lat' dir='ltr'>Anacreonticos</span> 
     </span>
     <span class='ocr_line' id='line_1_15' title="bbox 89 1149 1818 1206; baseline 0 -13"><span class='ocrx_word' id='word_1_131' title='bbox 89 1158 250 1206; x_wconf 84' lang='lat' dir='ltr'>poetas,</span> <span class='ocrx_word' id='word_1_132' title='bbox 287 1153 450 1205; x_wconf 84' lang='lat' dir='ltr'>ejusque</span> <span class='ocrx_word' id='word_1_133' title='bbox 475 1155 628 1191; x_wconf 88' lang='lat' dir='ltr'>exstant</span> <span class='ocrx_word' id='word_1_134' title='bbox 651 1149 824 1202; x_wconf 78' lang='lat' dir='ltr'>quinque</span> <span class='ocrx_word' id='word_1_135' title='bbox 850 1156 1111 1192; x_wconf 88' lang='lat' dir='ltr'>anacreontea</span> <span class='ocrx_word' id='word_1_136' title='bbox 1136 1152 1453 1202; x_wconf 13' lang='lat' dir='ltr'>nondumledita.</span> <span class='ocrx_word' id='word_1_137' title='bbox 1514 1153 1619 1202; x_wconf 84' lang='lat' dir='ltr'>Quin</span> <span class='ocrx_word' id='word_1_138' title='bbox 1643 1153 1684 1193; x_wconf 91' lang='lat' dir='ltr'>in</span> <span class='ocrx_word' id='word_1_139' title='bbox 1718 1153 1818 1206; x_wconf 89' lang='lat' dir='ltr'>ipsis</span> 
     </span>
     <span class='ocr_line' id='line_1_16' title="bbox 89 1217 1817 1276; baseline 0.001 -16"><span class='ocrx_word' id='word_1_140' title='bbox 89 1219 370 1276; x_wconf 86' lang='lat' dir='ltr'>Anacreonteis</span> <span class='ocrx_word' id='word_1_141' title='bbox 395 1218 667 1266; x_wconf 87' lang='lat' dir='ltr'>inveniuntur,</span> <span class='ocrx_word' id='word_1_142' title='bbox 705 1217 848 1270; x_wconf 85' lang='lat' dir='ltr'>quihus</span> <span class='ocrx_word' id='word_1_143' title='bbox 884 1218 925 1257; x_wconf 92' lang='lat' dir='ltr'>in</span> <span class='ocrx_word' id='word_1_144' title='bbox 950 1218 1185 1271; x_wconf 86' lang='lat' dir='ltr'>Anthologia</span> <span class='ocrx_word' id='word_1_145' title='bbox 1208 1219 1407 1260; x_wconf 87' lang='lat' dir='ltr'>Planudea</span> <span class='ocrx_word' id='word_1_146' title='bbox 1443 1226 1481 1260; x_wconf 91' lang='lat' dir='ltr'>et</span> <span class='ocrx_word' id='word_1_147' title='bbox 1514 1220 1554 1261; x_wconf 94' lang='lat' dir='ltr'>in</span> <span class='ocrx_word' id='word_1_148' title='bbox 1586 1220 1817 1274; x_wconf 87' lang='lat' dir='ltr'>apographo</span> 
     </span>
     <span class='ocr_line' id='line_1_17' title="bbox 90 1285 1817 1342; baseline 0.001 -14"><span class='ocrx_word' id='word_1_149' title='bbox 90 1287 330 1340; x_wconf 88' lang='lat' dir='ltr'>Spalettiano</span> <span class='ocrx_word' id='word_1_150' title='bbox 365 1292 470 1327; x_wconf 88' lang='lat' dir='ltr'>certa</span> <span class='ocrx_word' id='word_1_151' title='bbox 505 1285 696 1338; x_wconf 83' lang='lat' dir='ltr'>quaedam</span> <span class='ocrx_word' id='word_1_152' title='bbox 731 1285 894 1326; x_wconf 87' lang='lat' dir='ltr'>nomina</span> <span class='ocrx_word' id='word_1_153' title='bbox 926 1285 1130 1339; x_wconf 88' lang='lat' dir='ltr'>inscripta·</span> <span class='ocrx_word' id='word_1_154' title='bbox 1150 1293 1262 1327; x_wconf 89' lang='lat' dir='ltr'>sunt:</span> <span class='ocrx_word' id='word_1_155' title='bbox 1303 1288 1438 1329; x_wconf 89' lang='lat' dir='ltr'>odario</span> <span class='ocrx_word' id='word_1_156' title='bbox 1465 1285 1520 1329; x_wconf 85' lang='lat'>59</span> <span class='ocrx_word' id='word_1_157' title='bbox 1546 1285 1612 1342; x_wconf 80' lang='grc' dir='ltr'>(ε’)</span> <span class='ocrx_word' id='word_1_158' title='bbox 1636 1289 1817 1330; x_wconf 86' lang='lat' dir='ltr'>Julianus</span> 
     </span>
     <span class='ocr_line' id='line_1_18' title="bbox 91 1351 1819 1408; baseline 0.001 -13"><span class='ocrx_word' id='word_1_159' title='bbox 91 1353 170 1395; x_wconf 75' lang='grc' dir='ltr'>ἀπὸ</span> <span class='ocrx_word' id='word_1_160' title='bbox 204 1351 397 1408; x_wconf 72' lang='grc' dir='ltr'><strong><em>ὑπάρχων</em></strong></span> <span class='ocrx_word' id='word_1_161' title='bbox 430 1354 663 1406; x_wconf 84' lang='lat' dir='ltr'>Aegyptius,</span> <span class='ocrx_word' id='word_1_162' title='bbox 700 1353 766 1406; x_wconf 92' lang='lat' dir='ltr'>qui</span> <span class='ocrx_word' id='word_1_163' title='bbox 800 1353 874 1393; x_wconf 88' lang='lat' dir='ltr'>sub</span> <span class='ocrx_word' id='word_1_164' title='bbox 909 1354 1028 1393; x_wconf 87' lang='lat' dir='ltr'>finem</span> <span class='ocrx_word' id='word_1_165' title='bbox 1065 1354 1190 1407; x_wconf 90' lang='lat' dir='ltr'>quinti</span> <span class='ocrx_word' id='word_1_166' title='bbox 1223 1369 1263 1407; x_wconf 90' lang='lat' dir='ltr'>p.</span> <span class='ocrx_word' id='word_1_167' title='bbox 1301 1355 1391 1396; x_wconf 88' lang='lat' dir='ltr'><strong>Chr.</strong></span> <span class='ocrx_word' id='word_1_168' title='bbox 1427 1369 1467 1396; x_wconf 93' lang='lat' dir='ltr'>n.</span> <span class='ocrx_word' id='word_1_169' title='bbox 1506 1356 1629 1396; x_wconf 90' lang='lat' dir='ltr'>seculi</span> <span class='ocrx_word' id='word_1_170' title='bbox 1661 1355 1754 1397; x_wconf 85' lang='lat' dir='ltr'>vixit</span> <span class='ocrx_word' id='word_1_171' title='bbox 1780 1362 1819 1397; x_wconf 82' lang='lat' dir='ltr'>et</span> 
     </span>
     <span class='ocr_line' id='line_1_19' title="bbox 88 1417 1819 1477; baseline 0 -13"><span class='ocrx_word' id='word_1_172' title='bbox 88 1423 256 1464; x_wconf 81' lang='lat' dir='ltr'>Basilius</span> <span class='ocrx_word' id='word_1_173' title='bbox 284 1422 418 1463; x_wconf 90' lang='lat' dir='ltr'>odario</span> <span class='ocrx_word' id='word_1_174' title='bbox 441 1419 497 1461; x_wconf 84' lang='lat'>47</span> <span class='ocrx_word' id='word_1_175' title='bbox 517 1417 605 1473; x_wconf 80' lang='grc' dir='ltr'>(β’),</span> <span class='ocrx_word' id='word_1_176' title='bbox 632 1421 698 1473; x_wconf 92' lang='lat' dir='ltr'>qui</span> <span class='ocrx_word' id='word_1_177' title='bbox 723 1426 856 1461; x_wconf 91' lang='lat' dir='ltr'>utrum</span> <span class='ocrx_word' id='word_1_178' title='bbox 874 1421 1086 1474; x_wconf 88' lang='lat' dir='ltr'>episcopus</span> <span class='ocrx_word' id='word_1_179' title='bbox 1112 1423 1174 1462; x_wconf 94' lang='lat' dir='ltr'>ille</span> <span class='ocrx_word' id='word_1_180' title='bbox 1198 1436 1364 1474; x_wconf 84' lang='lat' dir='ltr'>magnus</span> <span class='ocrx_word' id='word_1_181' title='bbox 1389 1424 1505 1464; x_wconf 86' lang='lat' dir='ltr'>fuerit</span> <span class='ocrx_word' id='word_1_182' title='bbox 1528 1437 1578 1465; x_wconf 93' lang='lat' dir='ltr'>an</span> <span class='ocrx_word' id='word_1_183' title='bbox 1602 1424 1819 1477; x_wconf 84' lang='lat' dir='ltr'>imperator</span> 
     </span>
     <span class='ocr_line' id='line_1_20' title="bbox 89 1483 1815 1543; baseline 0.001 -12"><span class='ocrx_word' id='word_1_184' title='bbox 89 1504 224 1531; x_wconf 91' lang='lat' dir='ltr'>comes</span> <span class='ocrx_word' id='word_1_185' title='bbox 250 1502 452 1531; x_wconf 89' lang='lat' dir='ltr'>sacrarum</span> <span class='ocrx_word' id='word_1_186' title='bbox 476 1488 727 1540; x_wconf 80' lang='lat' dir='ltr'>largitionum</span> <span class='ocrx_word' id='word_1_187' title='bbox 752 1488 929 1528; x_wconf 84' lang='lat' dir='ltr'>Honorio</span> <span class='ocrx_word' id='word_1_188' title='bbox 956 1488 1173 1541; x_wconf 80' lang='lat' dir='ltr'>imperante</span> <span class='ocrx_word' id='word_1_189' title='bbox 1205 1503 1286 1529; x_wconf 89' lang='lat' dir='ltr'>non</span> <span class='ocrx_word' id='word_1_190' title='bbox 1311 1490 1570 1543; x_wconf 86' lang='lat' dir='ltr'>dijudicarim.</span> <span class='ocrx_word' id='word_1_191' title='bbox 1618 1491 1688 1531; x_wconf 95' lang='lat' dir='ltr'>His</span> <span class='ocrx_word' id='word_1_192' title='bbox 1713 1483 1815 1532; x_wconf 81' lang='lat' dir='ltr'>duo-</span> 
     </span>
     <span class='ocr_line' id='line_1_21' title="bbox 87 1549 1814 1612; baseline -0.001 -13"><span class='ocrx_word' id='word_1_193' title='bbox 87 1549 179 1599; x_wconf 25' lang='lat' dir='ltr'>bus·</span> <span class='ocrx_word' id='word_1_194' title='bbox 199 1558 386 1610; x_wconf 85' lang='lat' dir='ltr'>exemplis</span> <span class='ocrx_word' id='word_1_195' title='bbox 420 1556 532 1596; x_wconf 88' lang='lat' dir='ltr'>nisus</span> <span class='ocrx_word' id='word_1_196' title='bbox 565 1555 794 1596; x_wconf 89' lang='lat' dir='ltr'>Welckerus</span> <span class='ocrx_word' id='word_1_197' title='bbox 830 1556 945 1596; x_wconf 86' lang='lat' dir='ltr'>Ceus.</span> <span class='ocrx_word' id='word_1_198' title='bbox 980 1556 1106 1608; x_wconf 82' lang='lat' dir='ltr'>Bergk</span> <span class='ocrx_word' id='word_1_199' title='bbox 1141 1557 1239 1597; x_wconf 92' lang='lat' dir='ltr'>Mus.</span> <span class='ocrx_word' id='word_1_200' title='bbox 1277 1557 1349 1598; x_wconf 85' lang='lat' dir='ltr'>Rh.</span> <span class='ocrx_word' id='word_1_201' title='bbox 1376 1559 1440 1607; x_wconf 83' lang='lat'>111,</span> <span class='ocrx_word' id='word_1_202' title='bbox 1465 1556 1505 1600; x_wconf 83' lang='grc'>2.</span> <span class='ocrx_word' id='word_1_203' title='bbox 1532 1573 1573 1612; x_wconf 88' lang='lat' dir='ltr'>p.</span> <span class='ocrx_word' id='word_1_204' title='bbox 1597 1555 1683 1599; x_wconf 82' lang='lat'>306</span> <span class='ocrx_word' id='word_1_205' title='bbox 1717 1558 1814 1598; x_wconf 91' lang='lat' dir='ltr'>sub-</span> 
     </span>
     <span class='ocr_line' id='line_1_22' title="bbox 88 1621 1816 1679; baseline -0.001 -12"><span class='ocrx_word' id='word_1_206' title='bbox 88 1627 219 1667; x_wconf 90' lang='lat' dir='ltr'>diticia</span> <span class='ocrx_word' id='word_1_207' title='bbox 255 1625 387 1665; x_wconf 88' lang='lat' dir='ltr'>omnia</span> <span class='ocrx_word' id='word_1_208' title='bbox 411 1623 669 1664; x_wconf 83' lang='lat' dir='ltr'>Anacreontis</span> <span class='ocrx_word' id='word_1_209' title='bbox 697 1623 871 1675; x_wconf 82' lang='lat' dir='ltr'>carmina</span> <span class='ocrx_word' id='word_1_210' title='bbox 905 1623 953 1664; x_wconf 88' lang='lat' dir='ltr'>ad</span> <span class='ocrx_word' id='word_1_211' title='bbox 976 1623 1121 1664; x_wconf 83' lang='lat' dir='ltr'>Juliani</span> <span class='ocrx_word' id='word_1_212' title='bbox 1145 1621 1429 1678; x_wconf 82' lang='lat' dir='ltr'>Iustinianique</span> <span class='ocrx_word' id='word_1_213' title='bbox 1463 1632 1643 1679; x_wconf 86' lang='lat' dir='ltr'>tempora</span> <span class='ocrx_word' id='word_1_214' title='bbox 1678 1626 1816 1667; x_wconf 77' lang='lat' dir='ltr'>referri</span> 
     </span>
     <span class='ocr_line' id='line_1_23' title="bbox 37 1688 1815 1747; baseline 0 -13"><span class='ocrx_word' id='word_1_215' title='bbox 37 1714 42 1721; x_wconf 78' lang='grc'><em>·</em></span> <span class='ocrx_word' id='word_1_216' title='bbox 88 1707 206 1747; x_wconf 88' lang='lat' dir='ltr'>quam</span> <span class='ocrx_word' id='word_1_217' title='bbox 231 1693 290 1732; x_wconf 94' lang='lat' dir='ltr'>vel</span> <span class='ocrx_word' id='word_1_218' title='bbox 313 1692 499 1732; x_wconf 87' lang='lat' dir='ltr'>minimae</span> <span class='ocrx_word' id='word_1_219' title='bbox 526 1704 663 1731; x_wconf 88' lang='lat' dir='ltr'>eorum</span> <span class='ocrx_word' id='word_1_220' title='bbox 688 1691 790 1743; x_wconf 87' lang='lat' dir='ltr'>parti</span> <span class='ocrx_word' id='word_1_221' title='bbox 810 1691 1001 1744; x_wconf 86' lang='lat' dir='ltr'>majorem</span> <span class='ocrx_word' id='word_1_222' title='bbox 1025 1688 1144 1731; x_wconf 81' lang='lat' dir='ltr'>tribui</span> <span class='ocrx_word' id='word_1_223' title='bbox 1179 1693 1449 1746; x_wconf 82' lang='lat' dir='ltr'>antiquitatem</span> <span class='ocrx_word' id='word_1_224' title='bbox 1483 1693 1641 1734; x_wconf 82' lang='lat' dir='ltr'>mavult.</span> <span class='ocrx_word' id='word_1_225' title='bbox 1709 1693 1815 1742; x_wconf 85' lang='lat' dir='ltr'>Quin</span> 
     </span>
     <span class='ocr_line' id='line_1_24' title="bbox 88 1757 1815 1814; baseline 0.001 -14"><span class='ocrx_word' id='word_1_226' title='bbox 88 1775 167 1801; x_wconf 89' lang='lat' dir='ltr'>uno</span> <span class='ocrx_word' id='word_1_227' title='bbox 196 1760 414 1801; x_wconf 82' lang='lat' dir='ltr'>carminum</span> <span class='ocrx_word' id='word_1_228' title='bbox 441 1759 528 1798; x_wconf 84' lang='lat' dir='ltr'>loco</span> <span class='ocrx_word' id='word_1_229' title='bbox 555 1763 672 1811; x_wconf 87' lang='lat' dir='ltr'>poeta</span> <span class='ocrx_word' id='word_1_230' title='bbox 699 1771 786 1798; x_wconf 87' lang='lat' dir='ltr'>sese</span> <span class='ocrx_word' id='word_1_231' title='bbox 812 1764 856 1798; x_wconf 89' lang='lat' dir='ltr'>ut</span> <span class='ocrx_word' id='word_1_232' title='bbox 878 1759 1167 1799; x_wconf 87' lang='lat' dir='ltr'>Anacreontem</span> <span class='ocrx_word' id='word_1_233' title='bbox 1192 1759 1365 1800; x_wconf 82' lang='lat' dir='ltr'>imitetur</span> <span class='ocrx_word' id='word_1_234' title='bbox 1390 1761 1541 1801; x_wconf 84' lang='lat' dir='ltr'>excitat.</span> <span class='ocrx_word' id='word_1_235' title='bbox 1570 1762 1619 1802; x_wconf 85' lang='lat' dir='ltr'>cf.</span> <span class='ocrx_word' id='word_1_236' title='bbox 1646 1762 1663 1801; x_wconf 95' lang='grc' dir='ltr'>Ι</span> <span class='ocrx_word' id='word_1_237' title='bbox 1687 1757 1815 1814; x_wconf 70' lang='grc' dir='ltr'>(νθ’)ῐ</span> 
     </span>
    </p>

    <p class='ocr_par' dir='ltr' id='par_1_4' title="bbox 687 1823 1194 1878">
     <span class='ocr_line' id='line_1_25' title="bbox 687 1823 1194 1878; baseline 0.002 -13"><span class='ocrx_word' id='word_1_238' title='bbox 687 1824 756 1865; x_wconf 82' lang='grc' dir='ltr'>τὸν</span> <span class='ocrx_word' id='word_1_239' title='bbox 774 1823 1042 1878; x_wconf 72' lang='grc' dir='ltr'><strong><em>Ἀνακρέοντα</em></strong></span> <span class='ocrx_word' id='word_1_240' title='bbox 1064 1829 1194 1877; x_wconf 83' lang='grc' dir='ltr'><strong><em>μιμοῦ</em></strong></span> 
     </span>
    </p>

    <p class='ocr_par' dir='ltr' id='par_1_5' title="bbox 688 1891 1190 1946">
     <span class='ocr_line' id='line_1_26' title="bbox 688 1891 1190 1946; baseline 0.004 -14"><span class='ocrx_word' id='word_1_241' title='bbox 688 1891 759 1933; x_wconf 82' lang='grc' dir='ltr'>τὸν</span> <span class='ocrx_word' id='word_1_242' title='bbox 785 1891 974 1945; x_wconf 77' lang='grc' dir='ltr'><strong><em>ἀοίδιμον</em></strong></span> <span class='ocrx_word' id='word_1_243' title='bbox 996 1892 1190 1946; x_wconf 76' lang='grc' dir='ltr'><strong><em>μελιστὴν</em></strong></span> 
     </span>
    </p>

    <p class='ocr_par' dir='ltr' id='par_1_6' title="bbox 687 1958 1190 2014">
     <span class='ocr_line' id='line_1_27' title="bbox 687 1958 1190 2014; baseline 0.006 -14"><span class='ocrx_word' id='word_1_244' title='bbox 687 1958 838 2014; x_wconf 78' lang='grc' dir='ltr'><strong><em>φιάλην</em></strong></span> <span class='ocrx_word' id='word_1_245' title='bbox 863 1958 1029 2013; x_wconf 68' lang='grc' dir='ltr'><strong><em>πρόπινε</em></strong></span> <span class='ocrx_word' id='word_1_246' title='bbox 1053 1963 1190 2003; x_wconf 84' lang='grc' dir='ltr'><strong><em>παισίν</em></strong></span> 
     </span>
    </p>

    <p class='ocr_par' dir='ltr' id='par_1_7' title="bbox 89 2026 1813 2434">
     <span class='ocr_line' id='line_1_28' title="bbox 689 2026 1202 2083; baseline 0.004 -15"><span class='ocrx_word' id='word_1_247' title='bbox 689 2027 839 2083; x_wconf 77' lang='grc' dir='ltr'><strong><em>φιάλην</em></strong></span> <span class='ocrx_word' id='word_1_248' title='bbox 863 2026 993 2082; x_wconf 81' lang='grc' dir='ltr'><strong><em>λόγων</em></strong></span> <span class='ocrx_word' id='word_1_249' title='bbox 1017 2029 1202 2083; x_wconf 68' lang='grc' dir='ltr'><strong><em>ἐραννήν.</em></strong></span> 
     </span>
     <span class='ocr_line' id='line_1_29' title="bbox 89 2109 1810 2165; baseline 0.002 -15"><span class='ocrx_word' id='word_1_250' title='bbox 89 2112 133 2151; x_wconf 86' lang='lat' dir='ltr'>In</span> <span class='ocrx_word' id='word_1_251' title='bbox 165 2111 329 2163; x_wconf 85' lang='lat' dir='ltr'>singulis</span> <span class='ocrx_word' id='word_1_252' title='bbox 365 2110 605 2151; x_wconf 78' lang='lat' dir='ltr'>carminibus</span> <span class='ocrx_word' id='word_1_253' title='bbox 641 2109 938 2150; x_wconf 86' lang='lat' dir='ltr'>considerandis</span> <span class='ocrx_word' id='word_1_254' title='bbox 974 2110 1047 2151; x_wconf 88' lang='lat' dir='ltr'>alia</span> <span class='ocrx_word' id='word_1_255' title='bbox 1080 2110 1298 2150; x_wconf 91' lang='lat' dir='ltr'>secundum</span> <span class='ocrx_word' id='word_1_256' title='bbox 1334 2110 1499 2151; x_wconf 87' lang='lat' dir='ltr'>aliorum</span> <span class='ocrx_word' id='word_1_257' title='bbox 1535 2111 1710 2165; x_wconf 86' lang='lat' dir='ltr'>exempla</span> <span class='ocrx_word' id='word_1_258' title='bbox 1744 2125 1810 2153; x_wconf 85' lang='lat' dir='ltr'>ex-</span> 
     </span>
     <span class='ocr_line' id='line_1_30' title="bbox 89 2177 1813 2233; baseline 0.001 -16"><span class='ocrx_word' id='word_1_259' title='bbox 89 2191 227 2232; x_wconf 88' lang='lat' dir='ltr'>pressa</span> <span class='ocrx_word' id='word_1_260' title='bbox 252 2191 339 2218; x_wconf 89' lang='lat' dir='ltr'>esse</span> <span class='ocrx_word' id='word_1_261' title='bbox 364 2177 621 2218; x_wconf 88' lang='lat' dir='ltr'>inveniemus.</span> <span class='ocrx_word' id='word_1_262' title='bbox 681 2178 738 2217; x_wconf 90' lang='lat' dir='ltr'>Ac</span> <span class='ocrx_word' id='word_1_263' title='bbox 772 2190 822 2217; x_wconf 93' lang='lat' dir='ltr'>ne</span> <span class='ocrx_word' id='word_1_264' title='bbox 856 2190 901 2218; x_wconf 87' lang='lat' dir='ltr'>ea</span> <span class='ocrx_word' id='word_1_265' title='bbox 935 2177 1092 2230; x_wconf 91' lang='lat' dir='ltr'>quidem</span> <span class='ocrx_word' id='word_1_266' title='bbox 1117 2178 1483 2219; x_wconf 88' lang='lat' dir='ltr'>Anacreonteorum</span> <span class='ocrx_word' id='word_1_267' title='bbox 1509 2178 1687 2219; x_wconf 84' lang='lat' dir='ltr'>collectio</span> <span class='ocrx_word' id='word_1_268' title='bbox 1713 2193 1813 2233; x_wconf 90' lang='lat' dir='ltr'>quae</span> 
     </span>
     <span class='ocr_line' id='line_1_31' title="bbox 91 2244 1813 2298; baseline 0.002 -14"><span class='ocrx_word' id='word_1_269' title='bbox 91 2247 302 2298; x_wconf 87' lang='lat' dir='ltr'>conjuncta</span> <span class='ocrx_word' id='word_1_270' title='bbox 345 2251 405 2285; x_wconf 90' lang='lat' dir='ltr'>est</span> <span class='ocrx_word' id='word_1_271' title='bbox 449 2258 538 2285; x_wconf 93' lang='lat' dir='ltr'>cum</span> <span class='ocrx_word' id='word_1_272' title='bbox 586 2244 833 2285; x_wconf 90' lang='lat' dir='ltr'>Constantini</span> <span class='ocrx_word' id='word_1_273' title='bbox 867 2245 1061 2297; x_wconf 84' lang='lat' dir='ltr'>Cephalae</span> <span class='ocrx_word' id='word_1_274' title='bbox 1105 2245 1350 2298; x_wconf 85' lang='lat' dir='ltr'>anthologia,</span> <span class='ocrx_word' id='word_1_275' title='bbox 1396 2245 1639 2287; x_wconf 83' lang='lat' dir='ltr'>imitatorum</span> <span class='ocrx_word' id='word_1_276' title='bbox 1683 2247 1813 2288; x_wconf 89' lang='lat' dir='ltr'>studia</span> 
     </span>
     <span class='ocr_line' id='line_1_32' title="bbox 91 2312 1812 2366; baseline 0.001 -13"><span class='ocrx_word' id='word_1_277' title='bbox 91 2313 247 2364; x_wconf 75' lang='lat' dir='ltr'>effugit3</span> <span class='ocrx_word' id='word_1_278' title='bbox 279 2319 369 2354; x_wconf 89' lang='lat' dir='ltr'>ante</span> <span class='ocrx_word' id='word_1_279' title='bbox 394 2312 527 2353; x_wconf 88' lang='lat' dir='ltr'>omnia</span> <span class='ocrx_word' id='word_1_280' title='bbox 551 2312 707 2352; x_wconf 84' lang='lat' dir='ltr'>Nicetas</span> <span class='ocrx_word' id='word_1_281' title='bbox 732 2312 984 2364; x_wconf 87' lang='lat' dir='ltr'>Eugenianus</span> <span class='ocrx_word' id='word_1_282' title='bbox 1010 2313 1123 2365; x_wconf 91' lang='lat' dir='ltr'>plura</span> <span class='ocrx_word' id='word_1_283' title='bbox 1149 2313 1282 2354; x_wconf 90' lang='lat' dir='ltr'>odaria</span> <span class='ocrx_word' id='word_1_284' title='bbox 1306 2326 1432 2366; x_wconf 89' lang='lat' dir='ltr'>paene</span> <span class='ocrx_word' id='word_1_285' title='bbox 1454 2313 1692 2354; x_wconf 85' lang='lat' dir='ltr'>verbotenus</span> <span class='ocrx_word' id='word_1_286' title='bbox 1716 2327 1812 2356; x_wconf 89' lang='lat' dir='ltr'>suae</span> 
     </span>
     <span class='ocr_line' id='line_1_33' title="bbox 90 2374 1691 2434; baseline 0 -13"><span class='ocrx_word' id='word_1_287' title='bbox 90 2381 306 2422; x_wconf 87' lang='lat' dir='ltr'>narrationi</span> <span class='ocrx_word' id='word_1_288' title='bbox 331 2380 543 2421; x_wconf 88' lang='lat' dir='ltr'>amatoriae</span> <span class='ocrx_word' id='word_1_289' title='bbox 567 2379 716 2420; x_wconf 83' lang='lat' dir='ltr'>inuexit</span> <span class='ocrx_word' id='word_1_290' title='bbox 741 2380 790 2421; x_wconf 88' lang='lat' dir='ltr'>cf.</span> <span class='ocrx_word' id='word_1_291' title='bbox 818 2379 1022 2420; x_wconf 91' lang='lat' dir='ltr'>Mehlhorn</span> <span class='ocrx_word' id='word_1_292' title='bbox 1046 2380 1199 2432; x_wconf 89' lang='lat' dir='ltr'>Proleg.</span> <span class='ocrx_word' id='word_1_293' title='bbox 1227 2393 1267 2433; x_wconf 72' lang='lat' dir='ltr'>p,</span> <span class='ocrx_word' id='word_1_294' title='bbox 1292 2377 1349 2422; x_wconf 82' lang='lat'>26</span> <span class='ocrx_word' id='word_1_295' title='bbox 1372 2393 1432 2434; x_wconf 88' lang='lat' dir='ltr'>sq.</span> <span class='ocrx_word' id='word_1_296' title='bbox 1686 2374 1691 2379; x_wconf 66' lang='grc'>’</span> 
     </span>
    </p>
   </div>
   <div class='ocr_carea' id='block_1_4' title="bbox 50 2469 1872 3061">
    <p class='ocr_par' dir='ltr' id='par_1_8' title="bbox 50 2469 1872 3061">
     <span class='ocr_line' id='line_1_34' title="bbox 204 2469 1811 2522; baseline 0.002 -12"><span class='ocrx_word' id='word_1_297' title='bbox 204 2471 340 2511; x_wconf 91' lang='lat' dir='ltr'>Restat</span> <span class='ocrx_word' id='word_1_298' title='bbox 363 2470 520 2510; x_wconf 91' lang='lat' dir='ltr'>demum</span> <span class='ocrx_word' id='word_1_299' title='bbox 545 2476 589 2510; x_wconf 92' lang='lat' dir='ltr'>ut</span> <span class='ocrx_word' id='word_1_300' title='bbox 612 2483 739 2522; x_wconf 88' lang='lat' dir='ltr'>pauca</span> <span class='ocrx_word' id='word_1_301' title='bbox 764 2470 812 2509; x_wconf 86' lang='lat' dir='ltr'>de</span> <span class='ocrx_word' id='word_1_302' title='bbox 837 2469 911 2510; x_wconf 89' lang='lat' dir='ltr'>alio</span> <span class='ocrx_word' id='word_1_303' title='bbox 936 2469 1179 2511; x_wconf 86' lang='lat' dir='ltr'>imitatorum</span> <span class='ocrx_word' id='word_1_304' title='bbox 1204 2483 1346 2522; x_wconf 85' lang='lat' dir='ltr'>genere</span> <span class='ocrx_word' id='word_1_305' title='bbox 1371 2470 1520 2520; x_wconf 85' lang='lat' dir='ltr'>dicam,</span> <span class='ocrx_word' id='word_1_306' title='bbox 1557 2471 1605 2511; x_wconf 90' lang='lat' dir='ltr'>de</span> <span class='ocrx_word' id='word_1_307' title='bbox 1629 2472 1811 2514; x_wconf 88' lang='lat' dir='ltr'>christia-</span> 
     </span>
     <span class='ocr_line' id='line_1_35' title="bbox 91 2537 1872 2591; baseline 0.002 -14"><span class='ocrx_word' id='word_1_308' title='bbox 91 2539 152 2578; x_wconf 89' lang='lat' dir='ltr'>nis</span> <span class='ocrx_word' id='word_1_309' title='bbox 174 2539 315 2591; x_wconf 86' lang='lat' dir='ltr'>poetis,</span> <span class='ocrx_word' id='word_1_310' title='bbox 342 2538 407 2590; x_wconf 91' lang='lat' dir='ltr'>qui</span> <span class='ocrx_word' id='word_1_311' title='bbox 432 2538 600 2590; x_wconf 84' lang='lat' dir='ltr'>hymnos</span> <span class='ocrx_word' id='word_1_312' title='bbox 619 2537 907 2579; x_wconf 85' lang='lat' dir='ltr'>Anacreontico</span> <span class='ocrx_word' id='word_1_313' title='bbox 932 2542 1058 2577; x_wconf 91' lang='lat' dir='ltr'>metro</span> <span class='ocrx_word' id='word_1_314' title='bbox 1086 2538 1422 2591; x_wconf 86' lang='lat' dir='ltr'>conscripserunt.</span> <span class='ocrx_word' id='word_1_315' title='bbox 1471 2539 1682 2580; x_wconf 87' lang='lat' dir='ltr'>Christiani</span> <span class='ocrx_word' id='word_1_316' title='bbox 1707 2539 1810 2580; x_wconf 90' lang='lat' dir='ltr'>enim</span> <span class='ocrx_word' id='word_1_317' title='bbox 1868 2566 1872 2569; x_wconf 95' lang='lat'><em>-</em></span> 
     </span>
     <span class='ocr_line' id='line_1_36' title="bbox 91 2604 1861 2659; baseline 0.001 -14"><span class='ocrx_word' id='word_1_318' title='bbox 91 2612 134 2645; x_wconf 89' lang='lat' dir='ltr'>ut</span> <span class='ocrx_word' id='word_1_319' title='bbox 157 2606 325 2658; x_wconf 88' lang='lat' dir='ltr'>plurima</span> <span class='ocrx_word' id='word_1_320' title='bbox 349 2611 595 2658; x_wconf 80' lang='lat' dir='ltr'>paganorum·</span> <span class='ocrx_word' id='word_1_321' title='bbox 618 2604 796 2645; x_wconf 89' lang='lat' dir='ltr'>instituta</span> <span class='ocrx_word' id='word_1_322' title='bbox 821 2610 937 2657; x_wconf 88' lang='lat' dir='ltr'>atque</span> <span class='ocrx_word' id='word_1_323' title='bbox 968 2618 1101 2647; x_wconf 88' lang='lat' dir='ltr'>mores</span> <span class='ocrx_word' id='word_1_324' title='bbox 1126 2605 1336 2647; x_wconf 85' lang='lat' dir='ltr'>servabant</span> <span class='ocrx_word' id='word_1_325' title='bbox 1358 2606 1535 2659; x_wconf 86' lang='lat' dir='ltr'>quidem,</span> <span class='ocrx_word' id='word_1_326' title='bbox 1569 2607 1639 2647; x_wconf 90' lang='lat' dir='ltr'>sed</span> <span class='ocrx_word' id='word_1_327' title='bbox 1663 2606 1810 2659; x_wconf 84' lang='lat' dir='ltr'>sensim</span> <span class='ocrx_word' id='word_1_328' title='bbox 1858 2611 1861 2614; x_wconf 76' lang='grc'><em>’</em></span> 
     </span>
     <span class='ocr_line' id='line_1_37' title="bbox 90 2672 1810 2726; baseline 0.001 -13"><span class='ocrx_word' id='word_1_329' title='bbox 90 2674 254 2714; x_wconf 88' lang='lat' dir='ltr'>servatis</span> <span class='ocrx_word' id='word_1_330' title='bbox 289 2673 455 2713; x_wconf 85' lang='lat' dir='ltr'>externis</span> <span class='ocrx_word' id='word_1_331' title='bbox 491 2672 629 2714; x_wconf 82' lang='lat' dir='ltr'>formis</span> <span class='ocrx_word' id='word_1_332' title='bbox 664 2672 758 2712; x_wconf 88' lang='lat' dir='ltr'>alias</span> <span class='ocrx_word' id='word_1_333' title='bbox 794 2672 1009 2712; x_wconf 89' lang='lat' dir='ltr'>intulerunt</span> <span class='ocrx_word' id='word_1_334' title='bbox 1032 2674 1269 2723; x_wconf 86' lang='lat' dir='ltr'>sententias,</span> <span class='ocrx_word' id='word_1_335' title='bbox 1303 2674 1357 2714; x_wconf 89' lang='lat' dir='ltr'>ita</span> <span class='ocrx_word' id='word_1_336' title='bbox 1380 2674 1548 2726; x_wconf 85' lang='lat' dir='ltr'>hymnos</span> <span class='ocrx_word' id='word_1_337' title='bbox 1575 2674 1810 2715; x_wconf 87' lang='lat' dir='ltr'>christianos</span> 
     </span>
     <span class='ocr_line' id='line_1_38' title="bbox 92 2739 1811 2794; baseline 0.001 -14"><span class='ocrx_word' id='word_1_338' title='bbox 92 2741 309 2780; x_wconf 87' lang='lat' dir='ltr'>carminum</span> <span class='ocrx_word' id='word_1_339' title='bbox 329 2740 580 2793; x_wconf 88' lang='lat' dir='ltr'>popularium</span> <span class='ocrx_word' id='word_1_340' title='bbox 605 2740 754 2780; x_wconf 88' lang='lat' dir='ltr'>formae</span> <span class='ocrx_word' id='word_1_341' title='bbox 771 2739 1074 2790; x_wconf 89' lang='lat' dir='ltr'>substituebant,</span> <span class='ocrx_word' id='word_1_342' title='bbox 1093 2746 1138 2781; x_wconf 90' lang='lat' dir='ltr'>ut</span> <span class='ocrx_word' id='word_1_343' title='bbox 1161 2754 1208 2781; x_wconf 93' lang='lat' dir='ltr'>eo</span> <span class='ocrx_word' id='word_1_344' title='bbox 1233 2741 1383 2782; x_wconf 85' lang='lat' dir='ltr'>facilius</span> <span class='ocrx_word' id='word_1_345' title='bbox 1408 2741 1556 2794; x_wconf 88' lang='lat' dir='ltr'>populo</span> <span class='ocrx_word' id='word_1_346' title='bbox 1581 2741 1622 2781; x_wconf 92' lang='lat' dir='ltr'>in</span> <span class='ocrx_word' id='word_1_347' title='bbox 1647 2754 1811 2782; x_wconf 90' lang='lat' dir='ltr'>succum</span> 
     </span>
     <span class='ocr_line' id='line_1_39' title="bbox 92 2807 1810 2860; baseline 0.001 -13"><span class='ocrx_word' id='word_1_348' title='bbox 92 2813 131 2847; x_wconf 89' lang='lat' dir='ltr'>et</span> <span class='ocrx_word' id='word_1_349' title='bbox 154 2807 386 2858; x_wconf 83' lang='lat' dir='ltr'>sanguinem</span> <span class='ocrx_word' id='word_1_350' title='bbox 410 2812 666 2847; x_wconf 88' lang='lat' dir='ltr'>verterentur.</span> <span class='ocrx_word' id='word_1_351' title='bbox 731 2807 797 2846; x_wconf 90' lang='lat' dir='ltr'>Sic</span> <span class='ocrx_word' id='word_1_352' title='bbox 829 2807 944 2846; x_wconf 87' lang='lat' dir='ltr'>Arius</span> <span class='ocrx_word' id='word_1_353' title='bbox 979 2814 1189 2860; x_wconf 86' lang='lat' dir='ltr'>praecepta</span> <span class='ocrx_word' id='word_1_354' title='bbox 1212 2821 1284 2849; x_wconf 89' lang='lat' dir='ltr'>sua</span> <span class='ocrx_word' id='word_1_355' title='bbox 1311 2808 1486 2849; x_wconf 90' lang='lat' dir='ltr'>versibus</span> <span class='ocrx_word' id='word_1_356' title='bbox 1511 2808 1705 2858; x_wconf 86' lang='lat' dir='ltr'>Sotadicis</span> <span class='ocrx_word' id='word_1_357' title='bbox 1738 2821 1810 2860; x_wconf 89' lang='lat' dir='ltr'>pe-</span> 
     </span>
     <span class='ocr_line' id='line_1_40' title="bbox 92 2871 1810 2927; baseline 0.001 -14"><span class='ocrx_word' id='word_1_358' title='bbox 92 2874 190 2927; x_wconf 87' lang='lat' dir='ltr'>pigit</span> <span class='ocrx_word' id='word_1_359' title='bbox 214 2875 262 2914; x_wconf 84' lang='lat' dir='ltr'>cf.</span> <span class='ocrx_word' id='word_1_360' title='bbox 288 2874 366 2915; x_wconf 90' lang='lat' dir='ltr'>Zell</span> <span class='ocrx_word' id='word_1_361' title='bbox 391 2875 479 2914; x_wconf 84' lang='lat' dir='ltr'>Fer.</span> <span class='ocrx_word' id='word_1_362' title='bbox 506 2887 583 2913; x_wconf 88' lang='lat' dir='ltr'>scr.</span> <span class='ocrx_word' id='word_1_363' title='bbox 609 2875 637 2922; x_wconf 94' lang='lat' dir='ltr'>l,</span> <span class='ocrx_word' id='word_1_364' title='bbox 664 2887 703 2926; x_wconf 89' lang='lat' dir='ltr'>p.</span> <span class='ocrx_word' id='word_1_365' title='bbox 729 2871 806 2923; x_wconf 76' lang='lat'>613</span> <span class='ocrx_word' id='word_1_366' title='bbox 837 2874 895 2914; x_wconf 91' lang='lat' dir='ltr'>sic</span> <span class='ocrx_word' id='word_1_367' title='bbox 920 2875 1118 2926; x_wconf 82' lang='lat' dir='ltr'>Synesius,</span> <span class='ocrx_word' id='word_1_368' title='bbox 1146 2871 1358 2927; x_wconf 82' lang='lat' dir='ltr'>Gregorius</span> <span class='ocrx_word' id='word_1_369' title='bbox 1383 2875 1664 2924; x_wconf 86' lang='lat' dir='ltr'>Nazianzenus,</span> <span class='ocrx_word' id='word_1_370' title='bbox 1690 2875 1810 2916; x_wconf 86' lang='lat' dir='ltr'>Maxi-</span> 
     </span>
     <span class='ocr_line' id='line_1_41' title="bbox 50 2942 1811 2994; baseline 0.001 -14"><span class='ocrx_word' id='word_1_371' title='bbox 50 2960 53 2963; x_wconf 93' lang='lat'><em>·</em></span> <span class='ocrx_word' id='word_1_372' title='bbox 91 2953 180 2981; x_wconf 95' lang='lat' dir='ltr'>mus</span> <span class='ocrx_word' id='word_1_373' title='bbox 216 2942 442 2993; x_wconf 84' lang='lat' dir='ltr'>Margunius</span> <span class='ocrx_word' id='word_1_374' title='bbox 477 2942 645 2993; x_wconf 88' lang='lat' dir='ltr'>hymnos</span> <span class='ocrx_word' id='word_1_375' title='bbox 675 2942 961 2986; x_wconf 84' lang='lat' dir='ltr'>Anacreontico</span> <span class='ocrx_word' id='word_1_376' title='bbox 993 2947 1140 2990; x_wconf 83' lang='lat' dir='ltr'>metro,</span> <span class='ocrx_word' id='word_1_377' title='bbox 1177 2955 1255 2994; x_wconf 85' lang='lat' dir='ltr'>quo</span> <span class='ocrx_word' id='word_1_378' title='bbox 1289 2955 1371 2982; x_wconf 91' lang='lat' dir='ltr'>non</span> <span class='ocrx_word' id='word_1_379' title='bbox 1406 2943 1516 2983; x_wconf 86' lang='lat' dir='ltr'>facile</span> <span class='ocrx_word' id='word_1_380' title='bbox 1550 2942 1654 2983; x_wconf 88' lang='lat' dir='ltr'>aliud</span> <span class='ocrx_word' id='word_1_381' title='bbox 1687 2942 1811 2994; x_wconf 85' lang='lat' dir='ltr'>magis</span> 
     </span>
     <span class='ocr_line' id='line_1_42' title="bbox 94 3006 1771 3061; baseline 0.002 -15"><span class='ocrx_word' id='word_1_382' title='bbox 94 3010 283 3061; x_wconf 82' lang='lat' dir='ltr'>populare</span> <span class='ocrx_word' id='word_1_383' title='bbox 309 3015 402 3057; x_wconf 83' lang='lat' dir='ltr'>erat,</span> <span class='ocrx_word' id='word_1_384' title='bbox 429 3011 694 3049; x_wconf 82' lang='lat' dir='ltr'>confecerunt.</span> <span class='ocrx_word' id='word_1_385' title='bbox 746 3009 977 3060; x_wconf 84' lang='lat' dir='ltr'>Quanquam</span> <span class='ocrx_word' id='word_1_386' title='bbox 1005 3014 1133 3048; x_wconf 90' lang='lat' dir='ltr'>autem</span> <span class='ocrx_word' id='word_1_387' title='bbox 1152 3009 1339 3060; x_wconf 82' lang='lat' dir='ltr'>synesius</span> <span class='ocrx_word' id='word_1_388' title='bbox 1363 3009 1401 3048; x_wconf 89' lang='lat' dir='ltr'>h.</span> <span class='ocrx_word' id='word_1_389' title='bbox 1428 3010 1456 3057; x_wconf 91' lang='grc' dir='ltr'>Ι,</span> <span class='ocrx_word' id='word_1_390' title='bbox 1484 3023 1517 3049; x_wconf 82' lang='lat' dir='ltr'><strong>V.</strong></span> <span class='ocrx_word' id='word_1_391' title='bbox 1544 3006 1572 3050; x_wconf 82' lang='grc'>2</span> <span class='ocrx_word' id='word_1_392' title='bbox 1595 3022 1655 3061; x_wconf 88' lang='lat' dir='ltr'>sp.</span> <span class='ocrx_word' id='word_1_393' title='bbox 1682 3021 1771 3050; x_wconf 83' lang='lat' dir='ltr'>sese</span> 
     </span>
    </p>
   </div>
  </div>
 </body>
</html>
