<?xml version="1.0" encoding="UTF-8"?>
<!DOCTYPE html PUBLIC "-//W3C//DTD XHTML 1.0 Transitional//EN"
    "http://www.w3.org/TR/xhtml1/DTD/xhtml1-transitional.dtd">
<html xmlns="http://www.w3.org/1999/xhtml" xml:lang="en" lang="en">
 <head>
  <title>
</title>
<meta http-equiv="Content-Type" content="text/html;charset=utf-8" />
  <meta name='ocr-system' content='tesseract 3.04.00' />
  <meta name='ocr-capabilities' content='ocr_page ocr_carea ocr_par ocr_line ocrx_word'/>
</head>
<body>
  <div class='ocr_page' id='page_1' title='image "./quaestionumanacr00staruoft_0089.png"; bbox 0 0 1910 3268; ppageno 0'>
   <div class='ocr_carea' id='block_1_1' title="bbox 0 2047 38 2339">
    <p class='ocr_par' dir='ltr' id='par_1_1' title="bbox 0 2047 38 2339">
     <span class='ocr_line' id='line_1_1' title="bbox 0 2047 38 2339; baseline 0 929"><span class='ocrx_word' id='word_1_1' title='bbox 0 2047 38 2339; x_wconf 95' lang='lat' dir='ltr'><strong> </strong></span> 
     </span>
    </p>
   </div>
   <div class='ocr_carea' id='block_1_2' title="bbox 0 2734 54 3268">
    <p class='ocr_par' dir='ltr' id='par_1_2' title="bbox 0 2734 54 3268">
     <span class='ocr_line' id='line_1_2' title="bbox 0 2734 54 3268; baseline 0 0"><span class='ocrx_word' id='word_1_2' title='bbox 0 2734 54 3268; x_wconf 95' lang='lat' dir='ltr'><strong> </strong></span> 
     </span>
    </p>
   </div>
   <div class='ocr_carea' id='block_1_3' title="bbox 973 202 1028 243">
    <p class='ocr_par' dir='ltr' id='par_1_3' title="bbox 973 202 1028 243">
     <span class='ocr_line' id='line_1_3' title="bbox 973 202 1028 243; baseline 0 0"><span class='ocrx_word' id='word_1_3' title='bbox 973 202 1028 243; x_wconf 91' lang='lat'><strong>77</strong></span> 
     </span>
    </p>
   </div>
   <div class='ocr_carea' id='block_1_4' title="bbox 907 266 1108 273">
    <p class='ocr_par' dir='ltr' id='par_1_4' title="bbox 907 266 1108 273">
     <span class='ocr_line' id='line_1_4' title="bbox 907 266 1108 273; baseline 0 0"><span class='ocrx_word' id='word_1_4' title='bbox 907 266 1108 273; x_wconf 95' lang='lat' dir='ltr'><strong> </strong></span> 
     </span>
    </p>
   </div>
   <div class='ocr_carea' id='block_1_5' title="bbox 147 320 1870 384">
    <p class='ocr_par' dir='ltr' id='par_1_5' title="bbox 147 320 1870 384">
     <span class='ocr_line' id='line_1_5' title="bbox 147 320 1870 384; baseline 0.003 -19"><span class='ocrx_word' id='word_1_5' title='bbox 147 326 367 366; x_wconf 79' lang='lat' dir='ltr'><strong>celebramr</strong></span> <span class='ocrx_word' id='word_1_6' title='bbox 390 326 509 367; x_wconf 88' lang='lat' dir='ltr'><strong>Deus.</strong></span> <span class='ocrx_word' id='word_1_7' title='bbox 557 326 644 366; x_wconf 85' lang='lat' dir='ltr'><strong>Jam</strong></span> <span class='ocrx_word' id='word_1_8' title='bbox 670 339 788 381; x_wconf 83' lang='lat' dir='ltr'><strong>quam</strong></span> <span class='ocrx_word' id='word_1_9' title='bbox 799 320 876 367; x_wconf 75' lang='lat' dir='ltr'><strong>vim</strong></span> <span class='ocrx_word' id='word_1_10' title='bbox 903 334 1080 369; x_wconf 85' lang='lat' dir='ltr'><strong>exerceat</strong></span> <span class='ocrx_word' id='word_1_11' title='bbox 1102 329 1236 369; x_wconf 90' lang='lat' dir='ltr'><strong>vinum</strong></span> <span class='ocrx_word' id='word_1_12' title='bbox 1261 341 1305 370; x_wconf 86' lang='lat' dir='ltr'><strong>ex</strong></span> <span class='ocrx_word' id='word_1_13' title='bbox 1332 330 1616 370; x_wconf 82' lang='lat' dir='ltr'><strong>sene-saltante</strong></span> <span class='ocrx_word' id='word_1_14' title='bbox 1635 331 1870 384; x_wconf 84' lang='lat' dir='ltr'><strong>juvenisque</strong></span> 
     </span>
    </p>
   </div>
   <div class='ocr_carea' id='block_1_6' title="bbox 72 388 1869 451">
    <p class='ocr_par' dir='ltr' id='par_1_6' title="bbox 72 388 1869 451">
     <span class='ocr_line' id='line_1_6' title="bbox 72 388 1869 451; baseline 0.001 -15"><span class='ocrx_word' id='word_1_15' title='bbox 72 433 103 438; x_wconf 17' lang='grc' dir='ltr'><strong>Α,</strong></span> <span class='ocrx_word' id='word_1_16' title='bbox 144 393 314 434; x_wconf 85' lang='lat' dir='ltr'><strong>lasciviis</strong></span> <span class='ocrx_word' id='word_1_17' title='bbox 350 394 596 434; x_wconf 88' lang='lat' dir='ltr'><strong>demonstrat</strong></span> <span class='ocrx_word' id='word_1_18' title='bbox 635 400 767 446; x_wconf 64' lang='lat' dir='ltr'><strong>poeta.</strong></span> <span class='ocrx_word' id='word_1_19' title='bbox 824 388 988 434; x_wconf 77' lang='lat' dir='ltr'>Plurimi</span> <span class='ocrx_word' id='word_1_20' title='bbox 1022 396 1192 435; x_wconf 82' lang='lat' dir='ltr'><strong>editores</strong></span> <span class='ocrx_word' id='word_1_21' title='bbox 1217 396 1395 448; x_wconf 90' lang='lat' dir='ltr'><strong>spurium</strong></span> <span class='ocrx_word' id='word_1_22' title='bbox 1422 398 1509 436; x_wconf 82' lang='lat' dir='ltr'><strong>e&#39;sse</strong></span> <span class='ocrx_word' id='word_1_23' title='bbox 1534 409 1693 438; x_wconf 89' lang='lat' dir='ltr'><strong>carmen</strong></span> <span class='ocrx_word' id='word_1_24' title='bbox 1713 399 1869 451; x_wconf 89' lang='lat' dir='ltr'><strong>judica-</strong></span> 
     </span>
    </p>
   </div>
   <div class='ocr_carea' id='block_1_7' title="bbox 142 461 1871 650">
    <p class='ocr_par' dir='ltr' id='par_1_7' title="bbox 142 461 1871 650">
     <span class='ocr_line' id='line_1_7' title="bbox 142 461 1869 517; baseline 0.003 -17"><span class='ocrx_word' id='word_1_25' title='bbox 142 465 238 500; x_wconf 84' lang='lat' dir='ltr'><strong>runt</strong></span> <span class='ocrx_word' id='word_1_26' title='bbox 260 466 378 509; x_wconf 82' lang='lat' dir='ltr'><strong>reete,</strong></span> <span class='ocrx_word' id='word_1_27' title='bbox 405 461 536 500; x_wconf 91' lang='lat' dir='ltr'><strong>omnia</strong></span> <span class='ocrx_word' id='word_1_28' title='bbox 563 461 667 502; x_wconf 84' lang='lat' dir='ltr'><strong>enim</strong></span> <span class='ocrx_word' id='word_1_29' title='bbox 694 461 870 514; x_wconf 86' lang='lat' dir='ltr'><strong>quaesita</strong></span> <span class='ocrx_word' id='word_1_30' title='bbox 895 467 1011 514; x_wconf 88' lang='lat' dir='ltr'><strong>atque</strong></span> <span class='ocrx_word' id='word_1_31' title='bbox 1035 462 1166 514; x_wconf 86' lang='lat' dir='ltr'><strong>inepta</strong></span> <span class='ocrx_word' id='word_1_32' title='bbox 1192 469 1296 503; x_wconf 90' lang='lat' dir='ltr'><strong>sunt.</strong></span> <span class='ocrx_word' id='word_1_33' title='bbox 1355 464 1562 503; x_wconf 85' lang='lat' dir='ltr'><strong>Neminem</strong></span> <span class='ocrx_word' id='word_1_34' title='bbox 1595 465 1715 517; x_wconf 86' lang='lat' dir='ltr'><strong>fugiet</strong></span> <span class='ocrx_word' id='word_1_35' title='bbox 1745 465 1869 517; x_wconf 90' lang='lat' dir='ltr'><strong>parti-</strong></span> 
     </span>
     <span class='ocr_line' id='line_1_8' title="bbox 142 518 1871 582; baseline 0.002 -15"><span class='ocrx_word' id='word_1_36' title='bbox 142 518 337 580; x_wconf 71' lang='lat' dir='ltr'><strong>cipiorum</strong></span> <span class='ocrx_word' id='word_1_37' title='bbox 372 528 580 568; x_wconf 87' lang='lat' dir='ltr'><strong>multitudo</strong></span> <span class='ocrx_word' id='word_1_38' title='bbox 628 528 773 581; x_wconf 86' lang='lat' dir='ltr'><strong>quibus</strong></span> <span class='ocrx_word' id='word_1_39' title='bbox 803 528 993 580; x_wconf 88' lang='lat' dir='ltr'><strong>temporis</strong></span> <span class='ocrx_word' id='word_1_40' title='bbox 1036 529 1188 569; x_wconf 87' lang='lat' dir='ltr'><strong>ratione</strong></span> <span class='ocrx_word' id='word_1_41' title='bbox 1215 530 1344 582; x_wconf 67' lang='lat' dir='ltr'><strong>plane</strong></span> <span class='ocrx_word' id='word_1_42' title='bbox 1379 543 1461 570; x_wconf 91' lang='lat' dir='ltr'><strong>non</strong></span> <span class='ocrx_word' id='word_1_43' title='bbox 1503 531 1738 571; x_wconf 80' lang='lat' dir='ltr'><strong>habitares</strong></span> <span class='ocrx_word' id='word_1_44' title='bbox 1773 531 1871 572; x_wconf 92' lang='lat' dir='ltr'><strong>aliae</strong></span> 
     </span>
     <span class='ocr_line' id='line_1_9' title="bbox 143 594 1869 650; baseline 0.002 -16"><span class='ocrx_word' id='word_1_45' title='bbox 143 594 228 635; x_wconf 85' lang='lat' dir='ltr'><strong>aliis</strong></span> <span class='ocrx_word' id='word_1_46' title='bbox 264 600 550 644; x_wconf 86' lang='lat' dir='ltr'><strong>annectuntur;</strong></span> <span class='ocrx_word' id='word_1_47' title='bbox 569 595 642 636; x_wconf 79' lang='lat' dir='ltr'><strong>,sic</strong></span> <span class='ocrx_word' id='word_1_48' title='bbox 665 608 790 637; x_wconf 87' lang='lat' dir='ltr'><strong>unum</strong></span> <span class='ocrx_word' id='word_1_49' title='bbox 815 597 989 635; x_wconf 79' lang='grc' dir='ltr'><em>πατοῦσι</em></span> <span class='ocrx_word' id='word_1_50' title='bbox 1022 597 1264 648; x_wconf 90' lang='lat' dir='ltr'><strong>praecedunt</strong></span> <span class='ocrx_word' id='word_1_51' title='bbox 1287 595 1495 650; x_wconf 72' lang='grc' dir='ltr'><strong>φέροντες,</strong></span> <span class='ocrx_word' id='word_1_52' title='bbox 1527 596 1744 648; x_wconf 79' lang='grc' dir='ltr'><em>βαλόντες,</em></span> <span class='ocrx_word' id='word_1_53' title='bbox 1771 598 1869 638; x_wconf 92' lang='lat' dir='ltr'><strong>sub-</strong></span> 
     </span>
    </p>
   </div>
   <div class='ocr_carea' id='block_1_8' title="bbox 118 658 1868 718">
    <p class='ocr_par' dir='ltr' id='par_1_8' title="bbox 118 658 1868 718">
     <span class='ocr_line' id='line_1_10' title="bbox 118 658 1868 718; baseline 0.001 -17"><span class='ocrx_word' id='word_1_54' title='bbox 118 658 362 714; x_wconf 74' lang='lat' dir='ltr'><strong>·sequuntur</strong></span> <span class='ocrx_word' id='word_1_55' title='bbox 385 667 516 702; x_wconf 86' lang='lat' dir='ltr'><strong>autem</strong></span> <span class='ocrx_word' id='word_1_56' title='bbox 539 659 715 711; x_wconf 80' lang='grc' dir='ltr'><em>λύοντες,</em></span> <span class='ocrx_word' id='word_1_57' title='bbox 738 665 988 715; x_wconf 80' lang='grc' dir='ltr'><strong><em>κροτοῦντες,</em></strong></span> <span class='ocrx_word' id='word_1_58' title='bbox 1014 658 1210 717; x_wconf 75' lang='grc' dir='ltr'><strong>ὃρῶντες,·</strong></span> <span class='ocrx_word' id='word_1_59' title='bbox 1230 668 1313 703; x_wconf 91' lang='lat' dir='ltr'><strong>tum</strong></span> <span class='ocrx_word' id='word_1_60' title='bbox 1327 665 1375 704; x_wconf 92' lang='lat' dir='ltr'><strong>ad</strong></span> <span class='ocrx_word' id='word_1_61' title='bbox 1398 664 1532 717; x_wconf 79' lang='grc' dir='ltr'><em>θέλγει</em></span> <span class='ocrx_word' id='word_1_62' title='bbox 1552 678 1589 706; x_wconf 92' lang='lat' dir='ltr'><strong>v.</strong></span> <span class='ocrx_word' id='word_1_63' title='bbox 1612 662 1667 706; x_wconf 85' lang='lat'><strong>19</strong></span> <span class='ocrx_word' id='word_1_64' title='bbox 1677 661 1868 718; x_wconf 83' lang='grc' dir='ltr'><em>λοχήσας,</em></span> 
     </span>
    </p>
   </div>
   <div class='ocr_carea' id='block_1_9' title="bbox 139 726 1869 849">
    <p class='ocr_par' dir='ltr' id='par_1_9' title="bbox 139 726 1869 849">
     <span class='ocr_line' id='line_1_11' title="bbox 139 726 1867 784; baseline 0.002 -16"><span class='ocrx_word' id='word_1_65' title='bbox 139 727 369 780; x_wconf 73' lang='grc' dir='ltr'><em>μεθυσθείς</em></span> <span class='ocrx_word' id='word_1_66' title='bbox 393 726 1179 782; x_wconf 66' lang='grc' dir='ltr'><strong>παρθένον-χυθεῖσαν-βεβαρημιένην,</strong></span> <span class='ocrx_word' id='word_1_67' title='bbox 1215 730 1362 770; x_wconf 79' lang='lat' dir='ltr'>Poetae</span> <span class='ocrx_word' id='word_1_68' title='bbox 1385 732 1484 772; x_wconf 91' lang='lat' dir='ltr'><strong>haec</strong></span> <span class='ocrx_word' id='word_1_69' title='bbox 1508 732 1738 784; x_wconf 88' lang='lat' dir='ltr'><strong>imputanda</strong></span> <span class='ocrx_word' id='word_1_70' title='bbox 1762 737 1867 781; x_wconf 86' lang='lat' dir='ltr'><strong>sunt,</strong></span> 
     </span>
     <span class='ocr_line' id='line_1_12' title="bbox 141 795 1869 849; baseline 0.002 -13"><span class='ocrx_word' id='word_1_71' title='bbox 141 796 219 849; x_wconf 73' lang='lat' dir='ltr'><strong>qui,</strong></span> <span class='ocrx_word' id='word_1_72' title='bbox 233 795 480 836; x_wconf 82' lang='lat' dir='ltr'><strong>describendi</strong></span> <span class='ocrx_word' id='word_1_73' title='bbox 504 795 817 836; x_wconf 86' lang='lat' dir='ltr'>studiosissimus</span> <span class='ocrx_word' id='word_1_74' title='bbox 841 796 881 835; x_wconf 91' lang='lat' dir='ltr'><strong>id</strong></span> <span class='ocrx_word' id='word_1_75' title='bbox 904 801 1056 836; x_wconf 88' lang='lat' dir='ltr'><strong>tantum</strong></span> <span class='ocrx_word' id='word_1_76' title='bbox 1081 797 1271 848; x_wconf 87' lang='lat' dir='ltr'><strong>spectavit</strong></span> <span class='ocrx_word' id='word_1_77' title='bbox 1294 803 1337 836; x_wconf 89' lang='lat' dir='ltr'><strong>ut</strong></span> <span class='ocrx_word' id='word_1_78' title='bbox 1360 798 1409 837; x_wconf 90' lang='lat' dir='ltr'><strong>ad</strong></span> <span class='ocrx_word' id='word_1_79' title='bbox 1432 811 1556 838; x_wconf 91' lang='lat' dir='ltr'><strong>unum</strong></span> <span class='ocrx_word' id='word_1_80' title='bbox 1581 799 1869 840; x_wconf 85' lang='lat' dir='ltr'><strong>substantivum</strong></span> 
     </span>
    </p>
   </div>
   <div class='ocr_carea' id='block_1_10' title="bbox 115 862 1869 925">
    <p class='ocr_par' dir='ltr' id='par_1_10' title="bbox 115 862 1869 925">
     <span class='ocr_line' id='line_1_13' title="bbox 115 862 1869 925; baseline 0.002 -21"><span class='ocrx_word' id='word_1_81' title='bbox 115 875 258 919; x_wconf 36' lang='lat' dir='ltr'><strong>fquam</strong></span> <span class='ocrx_word' id='word_1_82' title='bbox 282 862 452 925; x_wconf 77' lang='lat' dir='ltr'><strong>plurima</strong></span> <span class='ocrx_word' id='word_1_83' title='bbox 483 863 654 915; x_wconf 87' lang='lat' dir='ltr'><strong>epitheta</strong></span> <span class='ocrx_word' id='word_1_84' title='bbox 688 863 928 915; x_wconf 85' lang='lat' dir='ltr'><strong>adjungeret.</strong></span> <span class='ocrx_word' id='word_1_85' title='bbox 986 863 1149 924; x_wconf 77' lang='lat' dir='ltr'><strong>Accedit</strong></span> <span class='ocrx_word' id='word_1_86' title='bbox 1180 864 1286 916; x_wconf 90' lang='lat' dir='ltr'><strong>quod</strong></span> <span class='ocrx_word' id='word_1_87' title='bbox 1320 863 1452 916; x_wconf 89' lang='lat' dir='ltr'><strong>inepte</strong></span> <span class='ocrx_word' id='word_1_88' title='bbox 1477 865 1573 905; x_wconf 89' lang='lat' dir='ltr'><strong>deus</strong></span> <span class='ocrx_word' id='word_1_89' title='bbox 1599 866 1685 918; x_wconf 86' lang='lat' dir='ltr'><strong>ipse</strong></span> <span class='ocrx_word' id='word_1_90' title='bbox 1711 879 1801 906; x_wconf 92' lang='lat' dir='ltr'><strong>cum</strong></span> <span class='ocrx_word' id='word_1_91' title='bbox 1826 878 1869 906; x_wconf 83' lang='lat' dir='ltr'><strong>re</strong></span> 
     </span>
    </p>
   </div>
   <div class='ocr_carea' id='block_1_11' title="bbox 135 921 1868 1455">
    <p class='ocr_par' dir='ltr' id='par_1_11' title="bbox 140 921 1029 982">
     <span class='ocr_line' id='line_1_14' title="bbox 140 921 1029 982; baseline 0 -12"><span class='ocrx_word' id='word_1_92' title='bbox 140 930 405 979; x_wconf 84' lang='lat' dir='ltr'><strong>confunditur,</strong></span> <span class='ocrx_word' id='word_1_93' title='bbox 433 930 496 969; x_wconf 88' lang='lat' dir='ltr'><strong>cui</strong></span> <span class='ocrx_word' id='word_1_94' title='bbox 519 935 677 982; x_wconf 87' lang='lat' dir='ltr'><strong>praeest</strong></span> <span class='ocrx_word' id='word_1_95' title='bbox 700 930 748 969; x_wconf 88' lang='lat' dir='ltr'><strong>cf.</strong></span> <span class='ocrx_word' id='word_1_96' title='bbox 774 943 810 971; x_wconf 77' lang='lat' dir='ltr'><strong>v,</strong></span> <span class='ocrx_word' id='word_1_97' title='bbox 838 921 893 970; x_wconf 86' lang='lat'><strong>10</strong></span> <span class='ocrx_word' id='word_1_98' title='bbox 915 943 950 970; x_wconf 90' lang='lat' dir='ltr'><strong>v.</strong></span> <span class='ocrx_word' id='word_1_99' title='bbox 961 927 1029 971; x_wconf 80' lang='lat'><strong>23.</strong></span> 
     </span>
    </p>

    <p class='ocr_par' dir='ltr' id='par_1_12' title="bbox 135 996 1868 1455">
     <span class='ocr_line' id='line_1_15' title="bbox 265 996 1867 1052; baseline 0.002 -15"><span class='ocrx_word' id='word_1_100' title='bbox 265 997 387 1037; x_wconf 85' lang='lat' dir='ltr'><strong>Multo</strong></span> <span class='ocrx_word' id='word_1_101' title='bbox 430 997 555 1049; x_wconf 88' lang='lat' dir='ltr'><strong>magis</strong></span> <span class='ocrx_word' id='word_1_102' title='bbox 606 996 807 1049; x_wconf 90' lang='lat' dir='ltr'><strong>poeticum</strong></span> <span class='ocrx_word' id='word_1_103' title='bbox 861 997 986 1050; x_wconf 84' lang='lat' dir='ltr'>spirat</span> <span class='ocrx_word' id='word_1_104' title='bbox 1030 997 1231 1049; x_wconf 89' lang='lat' dir='ltr'><strong>ingenium</strong></span> <span class='ocrx_word' id='word_1_105' title='bbox 1285 1010 1444 1038; x_wconf 89' lang='lat' dir='ltr'><strong>carmen</strong></span> <span class='ocrx_word' id='word_1_106' title='bbox 1496 998 1867 1052; x_wconf 90' lang='lat' dir='ltr'><strong>quinquagesimum</strong></span> 
     </span>
     <span class='ocr_line' id='line_1_16' title="bbox 141 1060 1866 1119; baseline 0.002 -15"><span class='ocrx_word' id='word_1_107' title='bbox 141 1062 211 1116; x_wconf 84' lang='lat' dir='ltr'><strong>(M.</strong></span> <span class='ocrx_word' id='word_1_108' title='bbox 223 1060 320 1118; x_wconf 55' lang='lat' dir='ltr'><strong>vd),</strong></span> <span class='ocrx_word' id='word_1_109' title='bbox 353 1077 431 1117; x_wconf 91' lang='lat' dir='ltr'><strong>quo</strong></span> <span class='ocrx_word' id='word_1_110' title='bbox 465 1064 645 1118; x_wconf 84' lang='lat' dir='ltr'><strong>Bacchus</strong></span> <span class='ocrx_word' id='word_1_111' title='bbox 681 1064 924 1103; x_wconf 85' lang='lat' dir='ltr'><strong>descendens</strong></span> <span class='ocrx_word' id='word_1_112' title='bbox 956 1064 1005 1103; x_wconf 87' lang='lat' dir='ltr'><strong>ad</strong></span> <span class='ocrx_word' id='word_1_113' title='bbox 1036 1064 1132 1112; x_wconf 84' lang='lat' dir='ltr'><strong>vites</strong></span> <span class='ocrx_word' id='word_1_114' title='bbox 1167 1065 1378 1105; x_wconf 88' lang='lat' dir='ltr'><strong>servandas</strong></span> <span class='ocrx_word' id='word_1_115' title='bbox 1411 1065 1727 1119; x_wconf 84' lang='lat' dir='ltr'><strong>vindemiamque</strong></span> <span class='ocrx_word' id='word_1_116' title='bbox 1762 1067 1866 1108; x_wconf 88' lang='lat' dir='ltr'><strong>cele-</strong></span> 
     </span>
     <span class='ocr_line' id='line_1_17' title="bbox 137 1126 1868 1185; baseline 0.001 -12"><span class='ocrx_word' id='word_1_117' title='bbox 137 1131 331 1173; x_wconf 88' lang='lat' dir='ltr'><strong>brandam</strong></span> <span class='ocrx_word' id='word_1_118' title='bbox 364 1131 481 1171; x_wconf 91' lang='lat' dir='ltr'><strong>nohis</strong></span> <span class='ocrx_word' id='word_1_119' title='bbox 517 1126 768 1184; x_wconf 84' lang='lat' dir='ltr'><strong>proponitur.</strong></span> <span class='ocrx_word' id='word_1_120' title='bbox 800 1131 852 1171; x_wconf 92' lang='lat' dir='ltr'><strong>Ut</strong></span> <span class='ocrx_word' id='word_1_121' title='bbox 876 1131 1090 1182; x_wconf 88' lang='lat' dir='ltr'><strong>genuinum</strong></span> <span class='ocrx_word' id='word_1_122' title='bbox 1110 1145 1198 1171; x_wconf 90' lang='lat' dir='ltr'><strong>esse</strong></span> <span class='ocrx_word' id='word_1_123' title='bbox 1233 1144 1391 1172; x_wconf 84' lang='lat' dir='ltr'><strong>carmen</strong></span> <span class='ocrx_word' id='word_1_124' title='bbox 1429 1133 1663 1185; x_wconf 90' lang='lat' dir='ltr'><strong>comprobet</strong></span> <span class='ocrx_word' id='word_1_125' title='bbox 1687 1134 1868 1181; x_wconf 83' lang='lat' dir='ltr'><strong>Welcker</strong></span> 
     </span>
     <span class='ocr_line' id='line_1_18' title="bbox 138 1195 1866 1253; baseline 0.001 -13"><span class='ocrx_word' id='word_1_126' title='bbox 138 1213 179 1253; x_wconf 86' lang='lat' dir='ltr'><strong>p.</strong></span> <span class='ocrx_word' id='word_1_127' title='bbox 205 1196 311 1248; x_wconf 71' lang='lat'><strong>270,</strong></span> <span class='ocrx_word' id='word_1_128' title='bbox 343 1201 456 1239; x_wconf 79' lang='lat' dir='ltr'><strong>affert</strong></span> <span class='ocrx_word' id='word_1_129' title='bbox 484 1199 617 1238; x_wconf 92' lang='lat' dir='ltr'><strong>locum</strong></span> <span class='ocrx_word' id='word_1_130' title='bbox 652 1209 698 1238; x_wconf 83' lang='lat' dir='ltr'><strong>ex</strong></span> <span class='ocrx_word' id='word_1_131' title='bbox 729 1198 832 1238; x_wconf 92' lang='lat' dir='ltr'><strong>Him.</strong></span> <span class='ocrx_word' id='word_1_132' title='bbox 860 1198 926 1238; x_wconf 88' lang='lat' dir='ltr'><strong>Or.</strong></span> <span class='ocrx_word' id='word_1_133' title='bbox 948 1199 1012 1239; x_wconf 92' lang='lat' dir='ltr'><strong>IV.</strong></span> <span class='ocrx_word' id='word_1_134' title='bbox 1036 1212 1077 1251; x_wconf 68' lang='lat' dir='ltr'><strong>p,</strong></span> <span class='ocrx_word' id='word_1_135' title='bbox 1103 1195 1190 1239; x_wconf 86' lang='lat'><strong>458</strong></span> <span class='ocrx_word' id='word_1_136' title='bbox 1222 1199 1270 1238; x_wconf 88' lang='lat' dir='ltr'><strong>cf.</strong></span> <span class='ocrx_word' id='word_1_137' title='bbox 1303 1199 1444 1251; x_wconf 91' lang='lat' dir='ltr'><strong>Bergk.</strong></span> <span class='ocrx_word' id='word_1_138' title='bbox 1477 1200 1551 1240; x_wconf 91' lang='lat' dir='ltr'><strong>An.</strong></span> <span class='ocrx_word' id='word_1_139' title='bbox 1578 1201 1624 1241; x_wconf 86' lang='lat' dir='ltr'><strong>fr.</strong></span> <span class='ocrx_word' id='word_1_140' title='bbox 1651 1201 1770 1252; x_wconf 90' lang='lat' dir='ltr'>CXL,</span> <span class='ocrx_word' id='word_1_141' title='bbox 1795 1202 1866 1243; x_wconf 88' lang='lat' dir='ltr'><strong>ubi</strong></span> 
     </span>
     <span class='ocr_line' id='line_1_19' title="bbox 138 1260 1867 1321; baseline 0.001 -13"><span class='ocrx_word' id='word_1_142' title='bbox 138 1267 238 1308; x_wconf 81' lang='lat' dir='ltr'><strong>haec</strong></span> <span class='ocrx_word' id='word_1_143' title='bbox 267 1267 473 1319; x_wconf 88' lang='lat' dir='ltr'><strong>leguntur:</strong></span> <span class='ocrx_word' id='word_1_144' title='bbox 518 1264 629 1314; x_wconf 69' lang='grc' dir='ltr'><em>οἵους</em></span> <span class='ocrx_word' id='word_1_145' title='bbox 667 1265 831 1318; x_wconf 81' lang='grc' dir='ltr'><strong>ποιηταὶ</strong></span> <span class='ocrx_word' id='word_1_146' title='bbox 860 1260 1067 1311; x_wconf 80' lang='grc' dir='ltr'><strong>Ιπολλάκις</strong></span> <span class='ocrx_word' id='word_1_147' title='bbox 1107 1265 1163 1312; x_wconf 81' lang='grc' dir='ltr'><strong>εἷς</strong></span> <span class='ocrx_word' id='word_1_148' title='bbox 1206 1263 1442 1319; x_wconf 74' lang='grc' dir='ltr'><em>ἀνθρώπων</em></span> <span class='ocrx_word' id='word_1_149' title='bbox 1484 1264 1570 1317; x_wconf 74' lang='grc' dir='ltr'><strong>εἴδη</strong></span> <span class='ocrx_word' id='word_1_150' title='bbox 1609 1264 1778 1321; x_wconf 83' lang='grc' dir='ltr'><em>μορφάς</em></span> <span class='ocrx_word' id='word_1_151' title='bbox 1824 1266 1867 1310; x_wconf 77' lang='grc' dir='ltr'><strong>’τε</strong></span> 
     </span>
     <span class='ocr_line' id='line_1_20' title="bbox 137 1328 1866 1389; baseline 0.001 -16"><span class='ocrx_word' id='word_1_152' title='bbox 137 1334 323 1382; x_wconf 78' lang='grc' dir='ltr'><strong><em>ποικίλας</em></strong></span> <span class='ocrx_word' id='word_1_153' title='bbox 361 1332 599 1384; x_wconf 79' lang='grc' dir='ltr'><em>ἀμείβοντες</em></span> <span class='ocrx_word' id='word_1_154' title='bbox 638 1329 774 1381; x_wconf 78' lang='grc' dir='ltr'><em>πόλεις</em></span> <span class='ocrx_word' id='word_1_155' title='bbox 805 1348 848 1374; x_wconf 84' lang='grc' dir='ltr'><strong>τε</strong></span> <span class='ocrx_word' id='word_1_156' title='bbox 878 1333 934 1379; x_wconf 79' lang='grc' dir='ltr'><strong>εἷς</strong></span> <span class='ocrx_word' id='word_1_157' title='bbox 975 1333 1104 1385; x_wconf 82' lang='grc' dir='ltr'><em>μέσας</em></span> <span class='ocrx_word' id='word_1_158' title='bbox 1139 1332 1207 1373; x_wconf 84' lang='grc' dir='ltr'><strong>καὶ</strong></span> <span class='ocrx_word' id='word_1_159' title='bbox 1236 1328 1392 1386; x_wconf 82' lang='grc' dir='ltr'><em>δήμους</em></span> <span class='ocrx_word' id='word_1_160' title='bbox 1419 1331 1588 1387; x_wconf 76' lang='grc' dir='ltr'><em>ἄγουσιν</em></span> <span class='ocrx_word' id='word_1_161' title='bbox 1612 1331 1866 1389; x_wconf 76' lang='grc' dir='ltr'><strong>Ἀνθρώπων</strong></span> 
     </span>
     <span class='ocr_line' id='line_1_21' title="bbox 135 1391 1867 1455; baseline 0.001 -14"><span class='ocrx_word' id='word_1_162' title='bbox 135 1398 258 1455; x_wconf 71' lang='grc' dir='ltr'><strong>ὕβριν</strong></span> <span class='ocrx_word' id='word_1_163' title='bbox 286 1415 330 1442; x_wconf 77' lang='grc' dir='ltr'><strong>τε</strong></span> <span class='ocrx_word' id='word_1_164' title='bbox 360 1402 426 1440; x_wconf 85' lang='grc' dir='ltr'><strong>καὶ</strong></span> <span class='ocrx_word' id='word_1_165' title='bbox 458 1398 630 1452; x_wconf 82' lang='grc' dir='ltr'><strong>ἆνομιήν</strong></span> <span class='ocrx_word' id='word_1_166' title='bbox 660 1391 888 1453; x_wconf 65' lang='grc' dir='ltr'><strong>ἐφέποντας</strong></span> <span class='ocrx_word' id='word_1_167' title='bbox 920 1397 1010 1440; x_wconf 74' lang='grc' dir='ltr'><strong>οἵαν</strong></span> <span class='ocrx_word' id='word_1_168' title='bbox 1037 1396 1228 1455; x_wconf 66' lang='grc' dir='ltr'><em>’Όμηρος</em></span> <span class='ocrx_word' id='word_1_169' title='bbox 1256 1399 1332 1452; x_wconf 78' lang='grc' dir='ltr'><strong>μὲν</strong></span> <span class='ocrx_word' id='word_1_170' title='bbox 1357 1399 1541 1454; x_wconf 76' lang='grc' dir='ltr'><em>Ἀθηνᾶν</em></span> <span class='ocrx_word' id='word_1_171' title='bbox 1550 1419 1566 1450; x_wconf 72' lang='grc'><strong>,’</strong></span> <span class='ocrx_word' id='word_1_172' title='bbox 1588 1399 1796 1443; x_wconf 83' lang='grc' dir='ltr'><strong>Διόνυσον</strong></span> <span class='ocrx_word' id='word_1_173' title='bbox 1821 1397 1867 1442; x_wconf 71' lang='grc' dir='ltr'><strong>δὲ</strong></span> 
     </span>
    </p>
   </div>
   <div class='ocr_carea' id='block_1_12' title="bbox 58 1464 1866 1522">
    <p class='ocr_par' dir='ltr' id='par_1_13' title="bbox 58 1464 1866 1522">
     <span class='ocr_line' id='line_1_22' title="bbox 58 1464 1866 1522; baseline 0 -12"><span class='ocrx_word' id='word_1_174' title='bbox 58 1465 63 1467; x_wconf 69' lang='grc'><strong>’</strong></span> <span class='ocrx_word' id='word_1_175' title='bbox 105 1466 359 1522; x_wconf 34' lang='grc' dir='ltr'><strong>μἈνακρέων</strong></span> <span class='ocrx_word' id='word_1_176' title='bbox 392 1466 616 1522; x_wconf 79' lang='grc' dir='ltr'><em>Εὐριπίδης</em></span> <span class='ocrx_word' id='word_1_177' title='bbox 646 1464 889 1520; x_wconf 12' lang='grc' dir='ltr'><strong>τελὲδειξαν.</strong></span> <span class='ocrx_word' id='word_1_178' title='bbox 939 1467 1017 1507; x_wconf 90' lang='lat' dir='ltr'><strong>Sed</strong></span> <span class='ocrx_word' id='word_1_179' title='bbox 1051 1479 1128 1520; x_wconf 90' lang='lat' dir='ltr'><strong>qua</strong></span> <span class='ocrx_word' id='word_1_180' title='bbox 1161 1469 1396 1509; x_wconf 84' lang='lat' dir='ltr'><strong>necessitate</strong></span> <span class='ocrx_word' id='word_1_181' title='bbox 1428 1469 1650 1518; x_wconf 20' lang='grc'>1000541100</span> <span class='ocrx_word' id='word_1_182' title='bbox 1674 1464 1866 1510; x_wconf 84' lang='lat' dir='ltr'><strong>reseratur</strong></span> 
     </span>
    </p>
   </div>
   <div class='ocr_carea' id='block_1_13' title="bbox 134 1526 1862 1723">
    <p class='ocr_par' dir='ltr' id='par_1_14' title="bbox 134 1526 1862 1723">
     <span class='ocr_line' id='line_1_23' title="bbox 137 1526 1862 1588; baseline 0 -11"><span class='ocrx_word' id='word_1_183' title='bbox 137 1540 220 1577; x_wconf 88' lang='lat' dir='ltr'><strong>non</strong></span> <span class='ocrx_word' id='word_1_184' title='bbox 251 1535 388 1585; x_wconf 87' lang='lat' dir='ltr'><strong>video,</strong></span> <span class='ocrx_word' id='word_1_185' title='bbox 435 1536 475 1575; x_wconf 91' lang='lat' dir='ltr'><strong>id</strong></span> <span class='ocrx_word' id='word_1_186' title='bbox 518 1535 622 1575; x_wconf 92' lang='lat' dir='ltr'><strong>enim</strong></span> <span class='ocrx_word' id='word_1_187' title='bbox 663 1536 815 1588; x_wconf 90' lang='lat' dir='ltr'><strong>ipsum,</strong></span> <span class='ocrx_word' id='word_1_188' title='bbox 864 1535 906 1574; x_wconf 92' lang='lat' dir='ltr'><strong>in</strong></span> <span class='ocrx_word' id='word_1_189' title='bbox 937 1548 1015 1587; x_wconf 94' lang='lat' dir='ltr'><strong>quo</strong></span> <span class='ocrx_word' id='word_1_190' title='bbox 1054 1536 1159 1588; x_wconf 90' lang='lat' dir='ltr'><strong>apud</strong></span> <span class='ocrx_word' id='word_1_191' title='bbox 1193 1526 1410 1576; x_wconf 90' lang='lat' dir='ltr'><strong>Himerium</strong></span> <span class='ocrx_word' id='word_1_192' title='bbox 1445 1548 1644 1576; x_wconf 90' lang='lat' dir='ltr'><strong>summum</strong></span> <span class='ocrx_word' id='word_1_193' title='bbox 1679 1550 1862 1577; x_wconf 90' lang='lat' dir='ltr'><strong>momen-</strong></span> 
     </span>
     <span class='ocr_line' id='line_1_24' title="bbox 134 1602 1862 1656; baseline 0 -12"><span class='ocrx_word' id='word_1_194' title='bbox 134 1609 219 1656; x_wconf 78' lang='lat' dir='ltr'><strong>tum</strong></span> <span class='ocrx_word' id='word_1_195' title='bbox 255 1603 376 1651; x_wconf 84' lang='lat' dir='ltr'><strong>inest,</strong></span> <span class='ocrx_word' id='word_1_196' title='bbox 419 1603 514 1642; x_wconf 87' lang='lat' dir='ltr'><strong>deos</strong></span> <span class='ocrx_word' id='word_1_197' title='bbox 548 1602 755 1642; x_wconf 89' lang='lat' dir='ltr'><strong>hominum</strong></span> <span class='ocrx_word' id='word_1_198' title='bbox 789 1602 926 1641; x_wconf 84' lang='lat' dir='ltr'><strong>formis</strong></span> <span class='ocrx_word' id='word_1_199' title='bbox 961 1602 1121 1642; x_wconf 88' lang='lat' dir='ltr'><strong>indutos</strong></span> <span class='ocrx_word' id='word_1_200' title='bbox 1157 1603 1259 1642; x_wconf 88' lang='lat' dir='ltr'><strong>inter</strong></span> <span class='ocrx_word' id='word_1_201' title='bbox 1297 1603 1478 1642; x_wconf 89' lang='lat' dir='ltr'><strong>homines</strong></span> <span class='ocrx_word' id='word_1_202' title='bbox 1516 1604 1681 1653; x_wconf 87' lang='lat' dir='ltr'><strong>versari,</strong></span> <span class='ocrx_word' id='word_1_203' title='bbox 1723 1609 1862 1644; x_wconf 92' lang='lat' dir='ltr'><strong>nostro</strong></span> 
     </span>
     <span class='ocr_line' id='line_1_25' title="bbox 134 1669 1861 1723; baseline 0.001 -12"><span class='ocrx_word' id='word_1_204' title='bbox 134 1671 226 1711; x_wconf 84' lang='lat' dir='ltr'><strong>loco</strong></span> <span class='ocrx_word' id='word_1_205' title='bbox 256 1670 373 1723; x_wconf 90' lang='lat' dir='ltr'><strong>plane</strong></span> <span class='ocrx_word' id='word_1_206' title='bbox 405 1682 486 1709; x_wconf 92' lang='lat' dir='ltr'><strong>non</strong></span> <span class='ocrx_word' id='word_1_207' title='bbox 522 1674 870 1709; x_wconf 82' lang='lat' dir='ltr'><strong>commemoratur.</strong></span> <span class='ocrx_word' id='word_1_208' title='bbox 924 1669 1008 1708; x_wconf 89' lang='lat' dir='ltr'><strong>Imo</strong></span> <span class='ocrx_word' id='word_1_209' title='bbox 1035 1673 1169 1721; x_wconf 88' lang='lat' dir='ltr'><strong>aperta</strong></span> <span class='ocrx_word' id='word_1_210' title='bbox 1194 1669 1354 1709; x_wconf 91' lang='lat' dir='ltr'><strong>serioris</strong></span> <span class='ocrx_word' id='word_1_211' title='bbox 1389 1669 1527 1709; x_wconf 87' lang='lat' dir='ltr'><strong>aetatis</strong></span> <span class='ocrx_word' id='word_1_212' title='bbox 1552 1670 1712 1721; x_wconf 89' lang='lat' dir='ltr'><strong>vestigia</strong></span> <span class='ocrx_word' id='word_1_213' title='bbox 1737 1683 1861 1723; x_wconf 87' lang='lat' dir='ltr'><strong>appa-</strong></span> 
     </span>
    </p>
   </div>
   <div class='ocr_carea' id='block_1_14' title="bbox 76 1731 1862 1787">
    <p class='ocr_par' dir='ltr' id='par_1_15' title="bbox 76 1731 1862 1787">
     <span class='ocr_line' id='line_1_26' title="bbox 76 1731 1862 1787; baseline 0 -9"><span class='ocrx_word' id='word_1_214' title='bbox 76 1758 83 1763; x_wconf 75' lang='lat'><strong>·</strong></span> <span class='ocrx_word' id='word_1_215' title='bbox 112 1743 242 1778; x_wconf 62' lang='lat' dir='ltr'><strong>rent:</strong></span> <span class='ocrx_word' id='word_1_216' title='bbox 284 1738 396 1783; x_wconf 88' lang='lat' dir='ltr'><strong>lusus</strong></span> <span class='ocrx_word' id='word_1_217' title='bbox 430 1737 493 1776; x_wconf 89' lang='lat' dir='ltr'><strong>ille</strong></span> <span class='ocrx_word' id='word_1_218' title='bbox 517 1736 728 1776; x_wconf 89' lang='lat' dir='ltr'><strong>verborum</strong></span> <span class='ocrx_word' id='word_1_219' title='bbox 762 1731 920 1784; x_wconf 83' lang='grc' dir='ltr'><em>πόνοις,</em></span> <span class='ocrx_word' id='word_1_220' title='bbox 954 1733 1124 1785; x_wconf 72' lang='grc' dir='ltr'><em>πόθοις,</em></span> <span class='ocrx_word' id='word_1_221' title='bbox 1149 1731 1285 1782; x_wconf 87' lang='grc' dir='ltr'><em>πότοις</em></span> <span class='ocrx_word' id='word_1_222' title='bbox 1308 1736 1605 1787; x_wconf 86' lang='lat' dir='ltr'><strong>grammaticum</strong></span> <span class='ocrx_word' id='word_1_223' title='bbox 1631 1737 1754 1786; x_wconf 76' lang='lat' dir='ltr'><strong>decet,</strong></span> <span class='ocrx_word' id='word_1_224' title='bbox 1779 1750 1862 1778; x_wconf 92' lang='lat' dir='ltr'><strong>non</strong></span> 
     </span>
    </p>
   </div>
   <div class='ocr_carea' id='block_1_15' title="bbox 133 1794 1861 1992">
    <p class='ocr_par' dir='ltr' id='par_1_16' title="bbox 133 1794 1861 1992">
     <span class='ocr_line' id='line_1_27' title="bbox 134 1794 1861 1856; baseline 0.001 -12"><span class='ocrx_word' id='word_1_225' title='bbox 134 1805 314 1854; x_wconf 86' lang='lat' dir='ltr'><strong>Ionicum</strong></span> <span class='ocrx_word' id='word_1_226' title='bbox 339 1808 519 1856; x_wconf 81' lang='lat' dir='ltr'><strong>poetam3</strong></span> <span class='ocrx_word' id='word_1_227' title='bbox 544 1807 629 1842; x_wconf 90' lang='lat' dir='ltr'><strong>tum</strong></span> <span class='ocrx_word' id='word_1_228' title='bbox 653 1803 747 1842; x_wconf 89' lang='lat' dir='ltr'><strong>illud</strong></span> <span class='ocrx_word' id='word_1_229' title='bbox 765 1804 1121 1843; x_wconf 57' lang='lat' dir='ltr'><strong>tezefv=efficere</strong></span> <span class='ocrx_word' id='word_1_230' title='bbox 1135 1803 1271 1843; x_wconf 89' lang='lat' dir='ltr'><strong>nescio</strong></span> <span class='ocrx_word' id='word_1_231' title='bbox 1297 1794 1391 1854; x_wconf 88' lang='lat' dir='ltr'><strong>quid</strong></span> <span class='ocrx_word' id='word_1_232' title='bbox 1415 1803 1590 1843; x_wconf 86' lang='lat' dir='ltr'><strong>inusitati</strong></span> <span class='ocrx_word' id='word_1_233' title='bbox 1613 1802 1751 1852; x_wconf 77' lang='lat' dir='ltr'><strong>habet3</strong></span> <span class='ocrx_word' id='word_1_234' title='bbox 1777 1809 1861 1846; x_wconf 85' lang='lat' dir='ltr'><strong>tum</strong></span> 
     </span>
     <span class='ocr_line' id='line_1_28' title="bbox 135 1866 1859 1924; baseline 0 -13"><span class='ocrx_word' id='word_1_235' title='bbox 135 1870 344 1924; x_wconf 86' lang='lat' dir='ltr'><strong>participia</strong></span> <span class='ocrx_word' id='word_1_236' title='bbox 364 1870 442 1910; x_wconf 92' lang='lat' dir='ltr'><strong>duo</strong></span> <span class='ocrx_word' id='word_1_237' title='bbox 473 1869 647 1920; x_wconf 82' lang='grc' dir='ltr'><em>κομίζων</em></span> <span class='ocrx_word' id='word_1_238' title='bbox 668 1875 706 1909; x_wconf 90' lang='lat' dir='ltr'><strong>et</strong></span> <span class='ocrx_word' id='word_1_239' title='bbox 729 1866 950 1923; x_wconf 80' lang='grc' dir='ltr'><em>φυλάττων</em></span> <span class='ocrx_word' id='word_1_240' title='bbox 971 1870 1065 1922; x_wconf 89' lang='lat' dir='ltr'><strong>quid</strong></span> <span class='ocrx_word' id='word_1_241' title='bbox 1090 1870 1147 1909; x_wconf 91' lang='lat' dir='ltr'><strong>sic</strong></span> <span class='ocrx_word' id='word_1_242' title='bbox 1173 1870 1383 1922; x_wconf 84' lang='lat' dir='ltr'><strong>conjuncta</strong></span> <span class='ocrx_word' id='word_1_243' title='bbox 1406 1870 1481 1909; x_wconf 92' lang='lat' dir='ltr'><strong>sibi</strong></span> <span class='ocrx_word' id='word_1_244' title='bbox 1502 1870 1631 1919; x_wconf 83' lang='lat' dir='ltr'><strong>velint,</strong></span> <span class='ocrx_word' id='word_1_245' title='bbox 1659 1883 1741 1910; x_wconf 92' lang='lat' dir='ltr'><strong>non</strong></span> <span class='ocrx_word' id='word_1_246' title='bbox 1765 1884 1859 1923; x_wconf 89' lang='lat' dir='ltr'><strong>per—</strong></span> 
     </span>
     <span class='ocr_line' id='line_1_29' title="bbox 133 1932 1858 1992; baseline 0 -14"><span class='ocrx_word' id='word_1_247' title='bbox 133 1938 280 1992; x_wconf 79' lang='lat' dir='ltr'><strong>spici03</strong></span> <span class='ocrx_word' id='word_1_248' title='bbox 301 1950 382 1977; x_wconf 91' lang='lat' dir='ltr'><strong>non</strong></span> <span class='ocrx_word' id='word_1_249' title='bbox 408 1937 513 1976; x_wconf 90' lang='lat' dir='ltr'><strong>enim</strong></span> <span class='ocrx_word' id='word_1_250' title='bbox 533 1932 658 1977; x_wconf 82' lang='grc' dir='ltr'><em>πότον</em></span> <span class='ocrx_word' id='word_1_251' title='bbox 678 1937 782 1976; x_wconf 92' lang='lat' dir='ltr'><strong>aliud</strong></span> <span class='ocrx_word' id='word_1_252' title='bbox 807 1937 901 1989; x_wconf 88' lang='lat' dir='ltr'><strong>quid</strong></span> <span class='ocrx_word' id='word_1_253' title='bbox 926 1949 1013 1976; x_wconf 93' lang='lat' dir='ltr'><strong>esse</strong></span> <span class='ocrx_word' id='word_1_254' title='bbox 1033 1936 1340 1976; x_wconf 85' lang='lat' dir='ltr'><strong>existimabimus</strong></span> <span class='ocrx_word' id='word_1_255' title='bbox 1366 1942 1481 1989; x_wconf 90' lang='lat' dir='ltr'><strong>atque</strong></span> <span class='ocrx_word' id='word_1_256' title='bbox 1506 1935 1578 1976; x_wconf 88' lang='grc' dir='ltr'><strong>τὸν</strong></span> <span class='ocrx_word' id='word_1_257' title='bbox 1603 1933 1733 1987; x_wconf 75' lang='grc' dir='ltr'><strong>οῗνονς</strong></span> <span class='ocrx_word' id='word_1_258' title='bbox 1758 1951 1858 1990; x_wconf 82' lang='lat' dir='ltr'><strong>quo-</strong></span> 
     </span>
    </p>
   </div>
   <div class='ocr_carea' id='block_1_16' title="bbox 70 2003 1859 2056">
    <p class='ocr_par' dir='ltr' id='par_1_17' title="bbox 70 2003 1859 2056">
     <span class='ocr_line' id='line_1_30' title="bbox 70 2003 1859 2056; baseline -0.001 -11"><span class='ocrx_word' id='word_1_259' title='bbox 70 2011 74 2014; x_wconf 74' lang='grc'><em>’</em></span> <span class='ocrx_word' id='word_1_260' title='bbox 134 2005 255 2045; x_wconf 89' lang='lat' dir='ltr'><strong>modo</strong></span> <span class='ocrx_word' id='word_1_261' title='bbox 281 2010 412 2045; x_wconf 88' lang='lat' dir='ltr'><strong>autem</strong></span> <span class='ocrx_word' id='word_1_262' title='bbox 443 2009 482 2043; x_wconf 87' lang='lat' dir='ltr'><strong>et</strong></span> <span class='ocrx_word' id='word_1_263' title='bbox 513 2005 614 2043; x_wconf 81' lang='lat' dir='ltr'><strong>serre</strong></span> <span class='ocrx_word' id='word_1_264' title='bbox 639 2008 677 2043; x_wconf 86' lang='lat' dir='ltr'><strong>et</strong></span> <span class='ocrx_word' id='word_1_265' title='bbox 700 2017 855 2043; x_wconf 90' lang='lat' dir='ltr'><strong>servare</strong></span> <span class='ocrx_word' id='word_1_266' title='bbox 878 2004 1000 2044; x_wconf 90' lang='lat' dir='ltr'><strong>latum</strong></span> <span class='ocrx_word' id='word_1_267' title='bbox 1019 2016 1101 2043; x_wconf 91' lang='lat' dir='ltr'><strong>uno</strong></span> <span class='ocrx_word' id='word_1_268' title='bbox 1127 2008 1305 2056; x_wconf 87' lang='lat' dir='ltr'><strong>tempore</strong></span> <span class='ocrx_word' id='word_1_269' title='bbox 1327 2009 1461 2055; x_wconf 89' lang='lat' dir='ltr'><strong>potest</strong></span> <span class='ocrx_word' id='word_1_270' title='bbox 1484 2003 1612 2044; x_wconf 76' lang='lat' dir='ltr'><strong>deus?</strong></span> <span class='ocrx_word' id='word_1_271' title='bbox 1648 2005 1859 2045; x_wconf 83' lang='lat' dir='ltr'><strong>Offendunt</strong></span> 
     </span>
    </p>
   </div>
   <div class='ocr_carea' id='block_1_17' title="bbox 129 2070 1859 2257">
    <p class='ocr_par' dir='ltr' id='par_1_18' title="bbox 129 2070 1859 2257">
     <span class='ocr_line' id='line_1_31' title="bbox 133 2070 1859 2125; baseline 0.001 -14"><span class='ocrx_word' id='word_1_272' title='bbox 133 2084 292 2125; x_wconf 86' lang='lat' dir='ltr'><strong>quoque</strong></span> <span class='ocrx_word' id='word_1_273' title='bbox 317 2071 438 2111; x_wconf 83' lang='lat' dir='ltr'><strong>multa</strong></span> <span class='ocrx_word' id='word_1_274' title='bbox 465 2071 637 2123; x_wconf 87' lang='lat' dir='ltr'><strong>epitheta</strong></span> <span class='ocrx_word' id='word_1_275' title='bbox 656 2071 830 2123; x_wconf 90' lang='lat' dir='ltr'><strong>undique</strong></span> <span class='ocrx_word' id='word_1_276' title='bbox 852 2070 1093 2122; x_wconf 91' lang='lat' dir='ltr'><strong>conquisita,</strong></span> <span class='ocrx_word' id='word_1_277' title='bbox 1119 2070 1261 2122; x_wconf 88' lang='lat' dir='ltr'><strong>quibus</strong></span> <span class='ocrx_word' id='word_1_278' title='bbox 1286 2070 1420 2110; x_wconf 89' lang='lat' dir='ltr'><strong>vinum</strong></span> <span class='ocrx_word' id='word_1_279' title='bbox 1445 2076 1667 2110; x_wconf 88' lang='lat' dir='ltr'><strong>exornatur.</strong></span> <span class='ocrx_word' id='word_1_280' title='bbox 1722 2072 1859 2124; x_wconf 85' lang='lat' dir='ltr'><strong>Neque</strong></span> 
     </span>
     <span class='ocr_line' id='line_1_32' title="bbox 132 2134 1856 2190; baseline -0.001 -11"><span class='ocrx_word' id='word_1_281' title='bbox 132 2138 256 2190; x_wconf 83' lang='lat' dir='ltr'><strong>fugiet</strong></span> <span class='ocrx_word' id='word_1_282' title='bbox 278 2138 411 2177; x_wconf 47' lang='lat' dir='ltr'><strong>ullum*</strong></span> <span class='ocrx_word' id='word_1_283' title='bbox 434 2136 603 2190; x_wconf 84' lang='lat' dir='ltr'><strong>pluralis</strong></span> <span class='ocrx_word' id='word_1_284' title='bbox 621 2134 956 2190; x_wconf 62' lang='lat' dir='ltr'><strong>dnffipac=uvae</strong></span> <span class='ocrx_word' id='word_1_285' title='bbox 989 2137 1190 2185; x_wconf 86' lang='lat' dir='ltr'><strong>rarissime</strong></span> <span class='ocrx_word' id='word_1_286' title='bbox 1223 2137 1419 2177; x_wconf 90' lang='lat' dir='ltr'><strong>adhibitus</strong></span> <span class='ocrx_word' id='word_1_287' title='bbox 1446 2138 1493 2176; x_wconf 87' lang='lat' dir='ltr'><strong>cf.</strong></span> <span class='ocrx_word' id='word_1_288' title='bbox 1518 2137 1679 2189; x_wconf 81' lang='lat' dir='ltr'><strong>Longus</strong></span> <span class='ocrx_word' id='word_1_289' title='bbox 1707 2138 1766 2187; x_wconf 81' lang='lat' dir='ltr'><strong>IV,</strong></span> <span class='ocrx_word' id='word_1_290' title='bbox 1787 2135 1856 2178; x_wconf 87' lang='lat'><strong>39.</strong></span> 
     </span>
     <span class='ocr_line' id='line_1_33' title="bbox 129 2203 1857 2257; baseline -0.001 -11"><span class='ocrx_word' id='word_1_291' title='bbox 129 2206 189 2246; x_wconf 90' lang='lat' dir='ltr'><strong>Ne</strong></span> <span class='ocrx_word' id='word_1_292' title='bbox 212 2210 382 2245; x_wconf 88' lang='lat' dir='ltr'><strong>metrum</strong></span> <span class='ocrx_word' id='word_1_293' title='bbox 407 2204 563 2256; x_wconf 92' lang='lat' dir='ltr'><strong>quidem</strong></span> <span class='ocrx_word' id='word_1_294' title='bbox 586 2210 691 2244; x_wconf 89' lang='lat' dir='ltr'><strong>recte</strong></span> <span class='ocrx_word' id='word_1_295' title='bbox 725 2217 768 2243; x_wconf 90' lang='lat' dir='ltr'><strong>se</strong></span> <span class='ocrx_word' id='word_1_296' title='bbox 792 2204 930 2244; x_wconf 87' lang='lat' dir='ltr'><strong>habet:</strong></span> <span class='ocrx_word' id='word_1_297' title='bbox 954 2204 995 2243; x_wconf 92' lang='lat' dir='ltr'><strong>in</strong></span> <span class='ocrx_word' id='word_1_298' title='bbox 1018 2216 1134 2244; x_wconf 88' lang='lat' dir='ltr'><strong>versu</strong></span> <span class='ocrx_word' id='word_1_299' title='bbox 1169 2210 1306 2243; x_wconf 83' lang='lat' dir='ltr'><strong>octavo</strong></span> <span class='ocrx_word' id='word_1_300' title='bbox 1330 2203 1477 2256; x_wconf 76' lang='lat' dir='ltr'><strong>syllaba</strong></span> <span class='ocrx_word' id='word_1_301' title='bbox 1499 2204 1614 2255; x_wconf 88' lang='lat' dir='ltr'><strong>longa</strong></span> <span class='ocrx_word' id='word_1_302' title='bbox 1650 2218 1723 2257; x_wconf 90' lang='lat' dir='ltr'><strong>pro</strong></span> <span class='ocrx_word' id='word_1_303' title='bbox 1748 2205 1857 2245; x_wconf 88' lang='lat' dir='ltr'><strong>brevi</strong></span> 
     </span>
    </p>
   </div>
   <div class='ocr_carea' id='block_1_18' title="bbox 108 2267 1854 2325">
    <p class='ocr_par' dir='ltr' id='par_1_19' title="bbox 108 2267 1854 2325">
     <span class='ocr_line' id='line_1_34' title="bbox 108 2267 1854 2325; baseline -0.001 -12"><span class='ocrx_word' id='word_1_304' title='bbox 108 2269 356 2325; x_wconf 68' lang='lat' dir='ltr'><strong>requiritur.</strong></span> <span class='ocrx_word' id='word_1_305' title='bbox 406 2272 614 2311; x_wconf 88' lang='lat' dir='ltr'><strong>Postremo</strong></span> <span class='ocrx_word' id='word_1_306' title='bbox 645 2276 684 2317; x_wconf 84' lang='lat' dir='ltr'><strong>et</strong></span> <span class='ocrx_word' id='word_1_307' title='bbox 706 2267 924 2324; x_wconf 79' lang='grc' dir='ltr'><em>φυλάττων</em></span> <span class='ocrx_word' id='word_1_308' title='bbox 950 2275 988 2310; x_wconf 87' lang='lat' dir='ltr'><strong>et</strong></span> <span class='ocrx_word' id='word_1_309' title='bbox 1012 2267 1124 2318; x_wconf 65' lang='grc' dir='ltr'><em>ἔτους</em></span> <span class='ocrx_word' id='word_1_310' title='bbox 1148 2270 1300 2310; x_wconf 89' lang='lat' dir='ltr'><strong>ionicae</strong></span> <span class='ocrx_word' id='word_1_311' title='bbox 1311 2271 1474 2311; x_wconf 89' lang='lat' dir='ltr'><strong>dialecto</strong></span> <span class='ocrx_word' id='word_1_312' title='bbox 1499 2284 1582 2310; x_wconf 92' lang='lat' dir='ltr'><strong>non</strong></span> <span class='ocrx_word' id='word_1_313' title='bbox 1604 2272 1854 2312; x_wconf 88' lang='lat' dir='ltr'><strong>conveniunt.</strong></span> 
     </span>
    </p>
   </div>
   <div class='ocr_carea' id='block_1_19' title="bbox 131 2337 1855 2524">
    <p class='ocr_par' dir='ltr' id='par_1_20' title="bbox 131 2337 1855 2524">
     <span class='ocr_line' id='line_1_35' title="bbox 131 2337 1855 2404; baseline 0 -25"><span class='ocrx_word' id='word_1_314' title='bbox 131 2339 218 2379; x_wconf 89' lang='lat' dir='ltr'><strong>Hoc</strong></span> <span class='ocrx_word' id='word_1_315' title='bbox 241 2339 360 2391; x_wconf 85' lang='lat' dir='ltr'><strong>igitur</strong></span> <span class='ocrx_word' id='word_1_316' title='bbox 383 2351 614 2379; x_wconf 84' lang='lat' dir='ltr'><strong>caussarum</strong></span> <span class='ocrx_word' id='word_1_317' title='bbox 638 2337 808 2377; x_wconf 85' lang='lat' dir='ltr'><strong>exercitu</strong></span> <span class='ocrx_word' id='word_1_318' title='bbox 831 2337 1088 2377; x_wconf 88' lang='lat' dir='ltr'><strong>Anacreontis</strong></span> <span class='ocrx_word' id='word_1_319' title='bbox 1114 2350 1260 2377; x_wconf 89' lang='lat' dir='ltr'><strong>nomen</strong></span> <span class='ocrx_word' id='word_1_320' title='bbox 1290 2337 1404 2377; x_wconf 86' lang='lat' dir='ltr'><strong>facile</strong></span> <span class='ocrx_word' id='word_1_321' title='bbox 1425 2350 1469 2377; x_wconf 90' lang='lat' dir='ltr'><strong>ex</strong></span> <span class='ocrx_word' id='word_1_322' title='bbox 1501 2338 1576 2378; x_wconf 90' lang='lat' dir='ltr'><strong>hac</strong></span> <span class='ocrx_word' id='word_1_323' title='bbox 1611 2338 1703 2377; x_wconf 91' lang='lat' dir='ltr'><strong>sede</strong></span> <span class='ocrx_word' id='word_1_324' title='bbox 1719 2351 1855 2404; x_wconf 55' lang='lat' dir='ltr'><strong>nquam</strong></span> 
     </span>
     <span class='ocr_line' id='line_1_36' title="bbox 131 2404 1027 2457; baseline -0.003 -11"><span class='ocrx_word' id='word_1_325' title='bbox 131 2405 313 2447; x_wconf 86' lang='lat' dir='ltr'><strong>Welcker</strong></span> <span class='ocrx_word' id='word_1_326' title='bbox 336 2417 491 2446; x_wconf 87' lang='lat' dir='ltr'><strong>servare</strong></span> <span class='ocrx_word' id='word_1_327' title='bbox 516 2405 549 2445; x_wconf 90' lang='lat' dir='ltr'><strong>ei</strong></span> <span class='ocrx_word' id='word_1_328' title='bbox 575 2405 737 2454; x_wconf 83' lang='lat' dir='ltr'><strong>studuit,</strong></span> <span class='ocrx_word' id='word_1_329' title='bbox 764 2404 1027 2457; x_wconf 73' lang='lat' dir='ltr'><strong>propeuetur.</strong></span> 
     </span>
     <span class='ocr_line' id='line_1_37' title="bbox 159 2467 1854 2524; baseline -0.001 -12"><span class='ocrx_word' id='word_1_330' title='bbox 159 2482 163 2483; x_wconf 51' lang='lat'><em>⁷</em></span> <span class='ocrx_word' id='word_1_331' title='bbox 212 2503 214 2505; x_wconf 48' lang='lat'>&gt;</span> <span class='ocrx_word' id='word_1_332' title='bbox 242 2473 379 2524; x_wconf 87' lang='lat' dir='ltr'><strong>Longe</strong></span> <span class='ocrx_word' id='word_1_333' title='bbox 402 2472 787 2524; x_wconf 87' lang='lat' dir='ltr'><strong>praestantissimum</strong></span> <span class='ocrx_word' id='word_1_334' title='bbox 811 2476 934 2511; x_wconf 82' lang='lat' dir='ltr'><strong>restat</strong></span> <span class='ocrx_word' id='word_1_335' title='bbox 959 2478 1118 2511; x_wconf 88' lang='lat' dir='ltr'><strong>carmen</strong></span> <span class='ocrx_word' id='word_1_336' title='bbox 1138 2470 1261 2510; x_wconf 90' lang='lat' dir='ltr'>XLIII</span> <span class='ocrx_word' id='word_1_337' title='bbox 1286 2467 1452 2524; x_wconf 54' lang='lat' dir='ltr'>(MJK),</span> <span class='ocrx_word' id='word_1_338' title='bbox 1479 2484 1557 2523; x_wconf 88' lang='lat' dir='ltr'><strong>quo</strong></span> <span class='ocrx_word' id='word_1_339' title='bbox 1580 2470 1713 2512; x_wconf 86' lang='lat' dir='ltr'><strong>cicada</strong></span> <span class='ocrx_word' id='word_1_340' title='bbox 1733 2471 1854 2511; x_wconf 89' lang='lat' dir='ltr'><strong>Grae-</strong></span> 
     </span>
    </p>
   </div>
   <div class='ocr_carea' id='block_1_20' title="bbox 91 2526 1855 2657">
    <p class='ocr_par' dir='ltr' id='par_1_21' title="bbox 91 2526 1855 2657">
     <span class='ocr_line' id='line_1_38' title="bbox 91 2526 1855 2590; baseline -0.001 -11"><span class='ocrx_word' id='word_1_341' title='bbox 91 2570 94 2574; x_wconf 53' lang='grc'>,</span> <span class='ocrx_word' id='word_1_342' title='bbox 132 2526 213 2589; x_wconf 81' lang='lat' dir='ltr'><strong>cis,</strong></span> <span class='ocrx_word' id='word_1_343' title='bbox 248 2539 416 2582; x_wconf 86' lang='lat' dir='ltr'><strong>maxime</strong></span> <span class='ocrx_word' id='word_1_344' title='bbox 449 2538 755 2579; x_wconf 87' lang='lat' dir='ltr'><strong>Atheniensibus</strong></span> <span class='ocrx_word' id='word_1_345' title='bbox 801 2538 1022 2590; x_wconf 88' lang='lat' dir='ltr'><strong>gratissima</strong></span> <span class='ocrx_word' id='word_1_346' title='bbox 1058 2538 1277 2578; x_wconf 88' lang='lat' dir='ltr'><strong>celebratur</strong></span> <span class='ocrx_word' id='word_1_347' title='bbox 1310 2538 1427 2590; x_wconf 88' lang='lat' dir='ltr'><strong>idque</strong></span> <span class='ocrx_word' id='word_1_348' title='bbox 1460 2538 1661 2589; x_wconf 89' lang='lat' dir='ltr'><strong>praeclara</strong></span> <span class='ocrx_word' id='word_1_349' title='bbox 1697 2538 1855 2578; x_wconf 88' lang='lat' dir='ltr'><strong>Goethii</strong></span> 
     </span>
     <span class='ocr_line' id='line_1_39' title="bbox 92 2604 1852 2657; baseline -0.001 -11"><span class='ocrx_word' id='word_1_350' title='bbox 92 2627 96 2631; x_wconf 93' lang='lat'>·</span> <span class='ocrx_word' id='word_1_351' title='bbox 127 2606 310 2646; x_wconf 87' lang='lat' dir='ltr'><strong>versione</strong></span> <span class='ocrx_word' id='word_1_352' title='bbox 333 2610 514 2645; x_wconf 90' lang='lat' dir='ltr'><strong>nostrum</strong></span> <span class='ocrx_word' id='word_1_353' title='bbox 538 2617 663 2657; x_wconf 87' lang='lat' dir='ltr'><strong>paene</strong></span> <span class='ocrx_word' id='word_1_354' title='bbox 687 2606 834 2645; x_wconf 84' lang='lat' dir='ltr'><strong>sactum</strong></span> <span class='ocrx_word' id='word_1_355' title='bbox 860 2611 931 2645; x_wconf 85' lang='lat' dir='ltr'><strong>est.</strong></span> <span class='ocrx_word' id='word_1_356' title='bbox 956 2604 1240 2656; x_wconf 87' lang='lat' dir='ltr'><strong>Argumentum</strong></span> <span class='ocrx_word' id='word_1_357' title='bbox 1264 2605 1342 2644; x_wconf 88' lang='lat' dir='ltr'><strong>hoc</strong></span> <span class='ocrx_word' id='word_1_358' title='bbox 1367 2609 1445 2645; x_wconf 87' lang='lat' dir='ltr'><strong>est:</strong></span> <span class='ocrx_word' id='word_1_359' title='bbox 1471 2604 1604 2644; x_wconf 84' lang='lat' dir='ltr'><strong>cicada</strong></span> <span class='ocrx_word' id='word_1_360' title='bbox 1625 2605 1712 2645; x_wconf 79' lang='lat' dir='ltr'><strong>felix</strong></span> <span class='ocrx_word' id='word_1_361' title='bbox 1735 2618 1852 2657; x_wconf 86' lang='lat' dir='ltr'><strong>prae-</strong></span> 
     </span>
    </p>
   </div>
   <div class='ocr_carea' id='block_1_21' title="bbox 128 2668 1851 2858">
    <p class='ocr_par' dir='ltr' id='par_1_22' title="bbox 128 2668 1851 2858">
     <span class='ocr_line' id='line_1_40' title="bbox 129 2668 1851 2725; baseline -0.001 -12"><span class='ocrx_word' id='word_1_362' title='bbox 129 2673 293 2722; x_wconf 79' lang='lat' dir='ltr'><strong>dicatur,</strong></span> <span class='ocrx_word' id='word_1_363' title='bbox 319 2672 472 2725; x_wconf 81' lang='lat' dir='ltr'><strong>quodin</strong></span> <span class='ocrx_word' id='word_1_364' title='bbox 498 2671 664 2711; x_wconf 90' lang='lat' dir='ltr'><strong>summis</strong></span> <span class='ocrx_word' id='word_1_365' title='bbox 688 2672 895 2711; x_wconf 89' lang='lat' dir='ltr'><strong>arboribus</strong></span> <span class='ocrx_word' id='word_1_366' title='bbox 920 2684 1010 2711; x_wconf 90' lang='lat' dir='ltr'><strong>rore</strong></span> <span class='ocrx_word' id='word_1_367' title='bbox 1035 2675 1207 2711; x_wconf 87' lang='lat' dir='ltr'><strong>recreata</strong></span> <span class='ocrx_word' id='word_1_368' title='bbox 1224 2668 1349 2720; x_wconf 80' lang='lat' dir='ltr'><strong>canat,</strong></span> <span class='ocrx_word' id='word_1_369' title='bbox 1371 2672 1477 2724; x_wconf 91' lang='lat' dir='ltr'><strong>quod</strong></span> <span class='ocrx_word' id='word_1_370' title='bbox 1503 2671 1635 2711; x_wconf 90' lang='lat' dir='ltr'><strong>omnia</strong></span> <span class='ocrx_word' id='word_1_371' title='bbox 1660 2671 1695 2711; x_wconf 90' lang='lat' dir='ltr'><strong>ei</strong></span> <span class='ocrx_word' id='word_1_372' title='bbox 1719 2677 1851 2724; x_wconf 84' lang='lat' dir='ltr'><strong>aperta</strong></span> 
     </span>
     <span class='ocr_line' id='line_1_41' title="bbox 128 2736 1849 2792; baseline -0.001 -13"><span class='ocrx_word' id='word_1_373' title='bbox 128 2739 219 2788; x_wconf 89' lang='lat' dir='ltr'><strong>sint,</strong></span> <span class='ocrx_word' id='word_1_374' title='bbox 245 2739 351 2792; x_wconf 90' lang='lat' dir='ltr'><strong>quod</strong></span> <span class='ocrx_word' id='word_1_375' title='bbox 377 2744 416 2778; x_wconf 92' lang='lat' dir='ltr'><strong>et</strong></span> <span class='ocrx_word' id='word_1_376' title='bbox 439 2738 739 2790; x_wconf 84' lang='lat' dir='ltr'><strong>agricultoribus</strong></span> <span class='ocrx_word' id='word_1_377' title='bbox 776 2739 814 2778; x_wconf 86' lang='lat' dir='ltr'><strong>et</strong></span> <span class='ocrx_word' id='word_1_378' title='bbox 847 2738 1074 2777; x_wconf 90' lang='lat' dir='ltr'><strong>hominibus</strong></span> <span class='ocrx_word' id='word_1_379' title='bbox 1109 2738 1150 2777; x_wconf 94' lang='lat' dir='ltr'><strong>in</strong></span> <span class='ocrx_word' id='word_1_380' title='bbox 1174 2736 1399 2778; x_wconf 91' lang='lat' dir='ltr'><strong>universum</strong></span> <span class='ocrx_word' id='word_1_381' title='bbox 1425 2743 1532 2789; x_wconf 90' lang='lat' dir='ltr'><strong>grata</strong></span> <span class='ocrx_word' id='word_1_382' title='bbox 1558 2738 1620 2787; x_wconf 88' lang='lat' dir='ltr'><strong>sit,</strong></span> <span class='ocrx_word' id='word_1_383' title='bbox 1642 2738 1747 2790; x_wconf 88' lang='lat' dir='ltr'><strong>quod</strong></span> <span class='ocrx_word' id='word_1_384' title='bbox 1773 2744 1811 2777; x_wconf 86' lang='lat' dir='ltr'><strong>et</strong></span> <span class='ocrx_word' id='word_1_385' title='bbox 1829 2751 1849 2778; x_wconf 91' lang='lat' dir='ltr'><strong>a</strong></span> 
     </span>
     <span class='ocr_line' id='line_1_42' title="bbox 129 2804 1849 2858; baseline -0.002 -12"><span class='ocrx_word' id='word_1_386' title='bbox 129 2805 252 2846; x_wconf 84' lang='lat' dir='ltr'><strong>Musis</strong></span> <span class='ocrx_word' id='word_1_387' title='bbox 277 2811 316 2845; x_wconf 88' lang='lat' dir='ltr'><strong>et</strong></span> <span class='ocrx_word' id='word_1_388' title='bbox 336 2805 384 2845; x_wconf 89' lang='lat' dir='ltr'><strong>ab</strong></span> <span class='ocrx_word' id='word_1_389' title='bbox 410 2806 589 2858; x_wconf 85' lang='lat' dir='ltr'><strong>Apolline</strong></span> <span class='ocrx_word' id='word_1_390' title='bbox 614 2810 742 2845; x_wconf 87' lang='lat' dir='ltr'><strong>amata</strong></span> <span class='ocrx_word' id='word_1_391' title='bbox 767 2810 883 2844; x_wconf 89' lang='lat' dir='ltr'><strong>cantu</strong></span> <span class='ocrx_word' id='word_1_392' title='bbox 910 2805 1089 2853; x_wconf 85' lang='lat' dir='ltr'><strong>donetur,</strong></span> <span class='ocrx_word' id='word_1_393' title='bbox 1115 2805 1221 2857; x_wconf 89' lang='lat' dir='ltr'><strong>quod</strong></span> <span class='ocrx_word' id='word_1_394' title='bbox 1242 2810 1486 2845; x_wconf 81' lang='lat' dir='ltr'><strong>senectutem</strong></span> <span class='ocrx_word' id='word_1_395' title='bbox 1507 2817 1588 2844; x_wconf 92' lang='lat' dir='ltr'><strong>non</strong></span> <span class='ocrx_word' id='word_1_396' title='bbox 1613 2805 1775 2851; x_wconf 88' lang='lat' dir='ltr'><strong>noverit,</strong></span> <span class='ocrx_word' id='word_1_397' title='bbox 1802 2804 1849 2843; x_wconf 86' lang='lat' dir='ltr'><strong>ad</strong></span> 
     </span>
    </p>
   </div>
   <div class='ocr_carea' id='block_1_22' title="bbox 61 2870 1850 2924">
    <p class='ocr_par' dir='ltr' id='par_1_23' title="bbox 4 2861 1850 2926">
     <span class='ocr_line' id='line_1_43' title="bbox 61 2870 1850 2924; baseline 0.002 -18.876"><span class='ocrx_word' id='word_1_398' title='bbox 61 2877 63 2879; x_wconf 83' lang='grc'><strong>’</strong></span> <span class='ocrx_word' id='word_1_399' title='bbox 87 2878 90 2880; x_wconf 85' lang='grc'><strong>’</strong></span> <span class='ocrx_word' id='word_1_400' title='bbox 131 2872 300 2913; x_wconf 87' lang='lat' dir='ltr'><strong>divinam</strong></span> <span class='ocrx_word' id='word_1_401' title='bbox 325 2885 450 2924; x_wconf 90' lang='lat' dir='ltr'><strong>paene</strong></span> <span class='ocrx_word' id='word_1_402' title='bbox 471 2872 693 2912; x_wconf 87' lang='lat' dir='ltr'><strong>felicitatem</strong></span> <span class='ocrx_word' id='word_1_403' title='bbox 718 2872 891 2912; x_wconf 88' lang='lat' dir='ltr'><strong>accedat.</strong></span> <span class='ocrx_word' id='word_1_404' title='bbox 941 2872 1165 2912; x_wconf 85' lang='lat' dir='ltr'><strong>Sententiae</strong></span> <span class='ocrx_word' id='word_1_405' title='bbox 1198 2871 1308 2924; x_wconf 88' lang='lat' dir='ltr'><strong>ipsae</strong></span> <span class='ocrx_word' id='word_1_406' title='bbox 1333 2873 1480 2924; x_wconf 84' lang='lat' dir='ltr'><strong>optime</strong></span> <span class='ocrx_word' id='word_1_407' title='bbox 1515 2883 1602 2911; x_wconf 87' lang='lat' dir='ltr'><strong>sese</strong></span> <span class='ocrx_word' id='word_1_408' title='bbox 1628 2870 1850 2922; x_wconf 74' lang='lat' dir='ltr'><strong>excipiunt3</strong></span> 
     </span>
    </p>
   </div>
   <div class='ocr_carea' id='block_1_23' title="bbox 128 2930 1910 3058">
    <p class='ocr_par' dir='ltr' id='par_1_24' title="bbox 128 2930 1910 3058">
     <span class='ocr_line' id='line_1_44' title="bbox 128 2930 1910 2996; baseline -0.001 -18"><span class='ocrx_word' id='word_1_409' title='bbox 128 2930 300 2991; x_wconf 84' lang='lat' dir='ltr'><strong>primum</strong></span> <span class='ocrx_word' id='word_1_410' title='bbox 330 2939 470 2990; x_wconf 89' lang='lat' dir='ltr'><strong>regalis</strong></span> <span class='ocrx_word' id='word_1_411' title='bbox 499 2939 691 2991; x_wconf 89' lang='lat' dir='ltr'><strong>quaedam</strong></span> <span class='ocrx_word' id='word_1_412' title='bbox 721 2944 900 2991; x_wconf 89' lang='lat' dir='ltr'><strong>potestas</strong></span> <span class='ocrx_word' id='word_1_413' title='bbox 945 2939 979 2978; x_wconf 92' lang='lat' dir='ltr'><strong>ei</strong></span> <span class='ocrx_word' id='word_1_414' title='bbox 1005 2938 1210 2987; x_wconf 88' lang='lat' dir='ltr'><strong>tribuitur,</strong></span> <span class='ocrx_word' id='word_1_415' title='bbox 1254 2938 1344 2991; x_wconf 91' lang='lat' dir='ltr'><strong>quia</strong></span> <span class='ocrx_word' id='word_1_416' title='bbox 1370 2951 1415 2978; x_wconf 87' lang='lat' dir='ltr'><strong>ex</strong></span> <span class='ocrx_word' id='word_1_417' title='bbox 1450 2937 1614 2978; x_wconf 92' lang='lat' dir='ltr'><strong>summis</strong></span> <span class='ocrx_word' id='word_1_418' title='bbox 1641 2937 1849 2977; x_wconf 87' lang='lat' dir='ltr'><strong>arboribus</strong></span> <span class='ocrx_word' id='word_1_419' title='bbox 1906 2992 1910 2996; x_wconf 20' lang='grc' dir='ltr'><em>η</em></span> 
     </span>
     <span class='ocr_line' id='line_1_45' title="bbox 130 3003 1851 3058; baseline -0.002 -12"><span class='ocrx_word' id='word_1_420' title='bbox 130 3005 262 3046; x_wconf 89' lang='lat' dir='ltr'><strong>omnia</strong></span> <span class='ocrx_word' id='word_1_421' title='bbox 305 3005 433 3046; x_wconf 87' lang='lat' dir='ltr'><strong>videat</strong></span> <span class='ocrx_word' id='word_1_422' title='bbox 464 3006 700 3058; x_wconf 85' lang='lat' dir='ltr'><strong>visitareque</strong></span> <span class='ocrx_word' id='word_1_423' title='bbox 743 3006 884 3058; x_wconf 88' lang='lat' dir='ltr'><strong>possit.</strong></span> <span class='ocrx_word' id='word_1_424' title='bbox 936 3006 1045 3054; x_wconf 88' lang='lat' dir='ltr'><strong>Quae</strong></span> <span class='ocrx_word' id='word_1_425' title='bbox 1083 3005 1281 3045; x_wconf 88' lang='lat' dir='ltr'><strong>nonnullis</strong></span> <span class='ocrx_word' id='word_1_426' title='bbox 1317 3005 1576 3045; x_wconf 78' lang='lat' dir='ltr'><strong>offensionem</strong></span> <span class='ocrx_word' id='word_1_427' title='bbox 1607 3003 1851 3055; x_wconf 84' lang='lat' dir='ltr'><strong>praebebant</strong></span> 
     </span>
    </p>
   </div>
  </div>
 </body>
</html>
