1910 3268
953 116 1006 160 19

130 267 150 272 ι
172 259 219 287 οι
241 259 309 286 σου
333 258 382 300 ου
405 244 452 284 fr.
473 244 552 293 VII,
575 241 625 284 4:
652 246 900 295 παταγοῦσιν
924 243 1019 295 (nisi
1045 245 1178 296 potius
1209 258 1299 287 eum
1318 246 1451 285 Schol.
1472 247 1587 286 Hom.
1609 248 1650 287 ll.
1673 246 1738 296 15,
1763 247 1842 290 192

163 315 166 317 ’
389 308 636 363 mtdyovw
657 310 864 364 legendum
890 311 980 361 est).

93 418 112 447 ι.
174 393 222 429 qx
242 393 301 420 εω
324 395 360 420 οι
386 381 434 421 [ι’.
458 380 583 420 XLII:
608 380 777 434 φιλοῖεν.

169 461 217 490 81
242 461 289 488 οο
312 462 366 493 ou
386 448 435 488 fr.
457 449 493 488 I:
516 448 757 500 γουνοῖμαι.

168 528 215 556 ex
238 530 280 557 οε
303 530 354 555 ου
376 515 424 555 fr.
450 515 620 564 XXXIX,
644 511 694 555 2:
718 516 1003 568 στεφανοῦται.

170 597 291 636 exon
313 597 348 623 ω
370 583 418 623 fr.
443 583 499 623 X:
523 580 757 632 νενωμένος.

111 652 280 704 Semper
310 656 441 692 autem
474 649 625 690 solutas
662 649 767 702 apud
790 650 1079 690 Anacreontem
1113 650 1287 691 invenies
1312 664 1377 691 eas
1403 653 1550 694 formas
1574 667 1675 705 quae
1700 663 1838 698 exeunt

109 725 153 760 et
170 719 212 760 in
235 732 254 758 ε
269 732 304 759 ω
326 718 376 758 cf.
401 718 466 766 III,
492 714 540 757 3:
566 714 748 756 διοσκέω.
783 717 882 764 XIX,
908 713 959 755 7:
985 712 1169 767 ὁμιλέων.
1205 718 1304 767 ΧΙΧ,
1332 715 1406 759 12:
1431 720 1642 760 σατινέων.
1665 721 1838 775 φορέων.

108 785 241 833 LXIX,
269 782 317 825 1:
340 783 481 838 φιλέω.
528 785 701 825 LXXIV:
726 781 865 838 φιλέω.
898 783 1106 824 LXXVIII:
1130 782 1258 835 μισέω
1282 791 1321 825 et
1344 786 1482 826 ἰη.εει
1507 788 1614 828 XIX:
1641 788 1779 841 φορέει
1803 796 1837 830 et

107 853 290 900 LXXIX:
327 850 492 899 δοκέεις.
516 875 572 879 -
604 853 693 892 Jam
726 851 834 891 vides
868 863 987 908 quam
1022 864 1173 903 paucae
1207 852 1456 893 inveniantur
1490 855 1640 896 formae
1673 858 1837 905 solutae,

107 921 254 975 quibus
276 920 338 976 vel
360 920 530 961 maxime
551 919 752 959 studuisse
777 918 963 958 dicuntur
977 918 1107 967 Iones,
1133 919 1253 959 modo
1274 918 1598 977 eum'contractis
1616 936 1837 976 compares.

106 988 265 1033 Tmesio
293 988 471 1041 exempla
500 987 596 1028 satis
629 986 752 1026 multa
787 992 881 1026 sunt
913 985 1085 1026 XLVIII:
1121 984 1201 1026 ἀπὸ
1230 1009 1286 1014 ——
1311 985 1478 1040 γένοιτο.
1521 977 1650 1033 LXII:
1686 989 1763 1034 ἀνὰ
1783 1015 1840 1022 .-

95 1051 379 1111 βασσαρήσω.
435 1055 607 1095 xcvm:
643 1052 843 1094 καδδὲ-
861 1052 1053 1105 ἐσχίσθη.
1102 1053 1222 1094 Lvn:
1261 1052 1343 1094 ἀπὸ
1370 1053 1407 1094 δ’
1431 1045 1616 1102 εξεαεσσζ
1677 1059 1773 1102 Aliis
1798 1060 1838 1099 1„
1879 1088 1888 1094 .

104 1123 207 1166 locis
229 1136 304 1177 per
326 1123 459 1164 crasin
492 1121 610 1162 verba
634 1122 688 1162 ita
722 1121 927 1174 conjungit
949 1121 1159 1162 Anacreon
1195 1129 1238 1162 ut
1270 1123 1507 1165 antecedens
1541 1139 1575 1164 ω
1607 1133 1838 1178 sequentem

101 1191 280 1233 vocalem
313 1205 342 1230 α
377 1190 488 1231 tollat
522 1190 574 1230 cs.
605 1190 653 1229 fr.
678 1189 726 1237 Π,
753 1186 801 1229 1:
826 1180 950 1235 ὦναξ.
1000 1188 1151 1229 CXXV:
1179 1186 1409 1243 τώκινάκῃς
1459 1193 1694 1233 antecedens
1720 1194 1836 1258 dipli-

107 1258 282 1311 thongus
307 1273 350 1297 αι
372 1258 489 1311 plane
514 1257 693 1303 tollatur,
728 1256 936 1308 brevisque
960 1269 1061 1308 quae
1085 1257 1265 1309 sequitur
1287 1258 1445 1306 vocalis,
1473 1260 1541 1300 fiat
1563 1260 1693 1312 longa,
1720 1252 1836 1313 diph-

89 1326 281 1378 'Chongus
314 1337 399 1366 non
431 1329 607 1364 mutetur
631 1324 679 1363 cs.
704 1323 821 1371 LXII,
846 1320 895 1363 8·
929 1321 1161 1378 κᾶλαλητῳ.
1208 1324 1410 1374 LXXXIX,
1438 1324 1484 1366 1:
1520 1325 1631 1378 κούκὀ
1656 1325 1705 1368 2:
1738 1326 1838 1379 κοῦ,·

43 1436 46 1437 ⁷
106 1394 149 1448 in
172 1393 258 1434 aliis
283 1398 415 1434 autem
439 1392 540 1432 duae
565 1392 640 1433 bae
662 1392 818 1432 vocales
853 1403 926 1444 per
957 1391 1274 1444 synecphonesin
1301 1393 1430 1433 solum
1455 1393 1496 1433 in
1520 1407 1656 1435 unam-
1667 1396 1836 1448 conjun-

86 1455 256 1514 'guntur
278 1460 327 1500 cf.
343 1460 443 1509 XIX,
460 1457 512 1500 .7:
538 1458 604 1499 καὶ
626 1454 958 1511 ἐθελοπόρνοισιν
978 1458 1064 1509 (ubi
1089 1459 1123 1499 si
1148 1460 1290 1500 crasim
1315 1460 1356 1500 in
1380 1461 1590 1501 scribendo
1615 1462 1838 1514 significare

104 1528 309 1576 volumus,
344 1540 427 1567 non
461 1540 552 1567 cum
575 1527 762 1579 Elmslejo
788 1523 838 1578 κῆ
874 1527 944 1566 sed
979 1523 1031 1565 κά
1066 1526 1319 1567 scribendum
1361 1534 1422 1568 est
1458 1530 1507 1569 cs.
1542 1529 1682 1582 Bergk.
1720 1530 1834 1571 Ceus.

105 1595 351 1637 Schneidew.
368 1591 595 1647 l.l.p.179.
621 1593 826 1646 Annotat.)
850 1594 946 1642 VIII,
971 1591 1019 1634 3:
1044 1592 1111 1636 καὶ
1133 1589 1291 1634 ἑκατόν.
1317 1595 1411 1643 XVI,
1437 1594 1485 1636 3:
1511 1597 1624 1637 παϊὸὶ
1646 1594 1837 1660 ἆβρῇ.-
1862 1621 1871 1630 -

216 1663 267 1703 At
287 1662 348 1702 vel
371 1662 529 1702 doricae
553 1662 706 1701 dialecti
729 1661 889 1713 vestigia
920 1661 1093 1701 invenies
1119 1662 1159 1701 in
1185 1662 1424 1714 fragmentis,
1461 1677 1562 1716 quae
1586 1666 1718 1706 omnia
1744 1667 1834 1718 qui-

106 1731 196 1772 dem
219 1734 288 1771 aut
310 1729 562 1781 scriptorum,
597 1729 664 1781 qui
690 1729 802 1791 locos
828 1728 970 1776 citant,
1005 1734 1072 1769 aut
1106 1729 1358 1770 librariorum
1390 1731 1565 1772 incuriae
1602 1733 1718 1772 tribui
1755 1746 1836 1774 non

105 1802 287 1851 possunt.
347 1797 528 1845 Quatuor
550 1796 627 1835 loci
651 1796 757 1848 apud
780 1795 1112 1848 Hephaestionem
1136 1796 1407 1846 inveniuntur,
1434 1812 1538 1840 unus
1561 1800 1602 1839 in
1628 1801 1756 1852 Etym.
1784 1801 1833 1840 M.

62 1901 67 1905 .
105 1864 175 1919 qui
195 1868 363 1917 propter
384 1862 479 1903 illud
503 1863 634 1915 ipsum
658 1864 893 1904 vocabulum
918 1876 1008 1903 eum
1037 1864 1141 1912 citat,
1176 1877 1279 1904 unus
1304 1866 1410 1917 apud
1434 1866 1567 1907 Schol.
1595 1868 1719 1920 Soph.
1743 1869 1833 1908 Ant.
1867 1887 1873 1891 ·

104 1945 143 1974 v.
169 1928 266 1974 188.
326 1930 474 1972 Tribus
499 1936 629 1971 autem
655 1931 695 1970 in
718 1931 817 1970 locis
844 1931 1064 1982 argumenti
1088 1931 1125 1990 isi
1160 1937 1276 1991 atque
1300 1933 1486 1984 gravitate
1510 1935 1701 1976 adductus
1726 1936 1834 1975 vide-

104 1999 384 2041 turAnacreon
398 2003 444 2038 ut
460 2011 572 2052 apro
590 2004 806 2051 nuteretur
827 1999 873 2038 fr.
899 1998 1072 2038 XXVIII:
1099 1997 1377 2051 δακριόίσσαν
1400 1998 1432 2041 τ’
1455 2000 1644 2056 ἐφίλησεν
1669 1999 1835 2054 αἰχμάν.

105 2067 278 2108 LXXIV:
314 2061 540 2119 ὄρσόλοπος
568 2064 644 2117 μὲν
662 2063 789 2119 Ἄρης
818 2065 944 2120 φιλέει
972 2065 1214 2118 μεναίχμαν.
1261 2067 1456 2109 LXXXII:
1493 2068 1535 2108 ἓν
1553 2066 1836 2123 μελαμφύλλῳ

107 2131 247 2190 δάφνᾳ
272 2134 416 2188 χλωρᾷ
445 2131 478 2174 τ’
501 2133 618 2189 ἐλαίᾳ
643 2132 893 2183 τανταλίζει;
924 2133 974 2187 ad
998 2133 1133 2185 hymni
1157 2135 1383 2185 gravitatem
1419 2136 1570 2178 aceedit
1601 2137 1696 2187 illud
1729 2137 1835 2188 frag-

107 2207 308 2249 mentum,
348 2201 418 2241 uhi
452 2197 579 2251 κούρα
621 2201 769 2241 dietum
804 2207 863 2241 est
897 2202 941 2240 sr.
979 2201 1137 2241 LXXX:
1174 2201 1382 2253 κλῦθίμει
1410 2203 1601 2256 γέροντος
1627 2226 1685 2232 --
1706 2200 1835 2258 κούρα

107 2269 151 2310 Id
169 2269 334 2323 ‘quidem
358 2269 610 2309 statuendum
647 2275 718 2317 est,
753 2268 954 2309 rarissime
990 2274 1140 2308 tantum
1174 2274 1316 2322 neque
1335 2269 1412 2309 nisi
1450 2277 1616 2323 cogente
1640 2272 1833 2325 quodam-
1871 2308 1877 2310 .

40 2376 50 2384 ,
106 2337 227 2378 modo
262 2337 546 2378 sententiarum
578 2342 718 2377 natura
753 2337 801 2376 ad
832 2336 1007 2376 doricam
1046 2336 1254 2376 dialectum
1287 2337 1518 2379 immutasse
1550 2339 1833 2380 vocabulorum

106 2405 260 2454 vocales
291 2404 599 2451 Anacreontem,
638 2416 839 2456 nunquam
863 2404 1098 2456 ‚permiscue
1125 2404 1266 2444 dorica
1300 2411 1339 2445 et
1371 2405 1501 2446 ionica
1526 2405 1691 2446 dialecto
1717 2419 1833 2446 usum

106 2472 240 2514 fnisse.
266 2461 324 2500 '—
384 2507 387 2509 .

221 2539 290 2579 His
326 2539 534 2591 disputatis
570 2538 618 2578 ad
650 2539 922 2579 Anacreontea
955 2544 1216 2586 transeamus,
1252 2539 1293 2578 in
1317 2539 1461 2591 quihus
1487 2539 1661 2591 singulas
1688 2541 1834 2581 formas

106 2606 338 2658 investigare
364 2619 454 2646 cum
479 2606 623 2658 iisque,
658 2618 759 2657 quae
793 2605 833 2644 in
868 2605 1095 2659 fragmentis
1131 2610 1303 2653 exstant,
1351 2618 1582 2658 comparare
1614 2608 1732 2660 hujus
1758 2608 1833 2646 lori

105 2685 188 2719 non
212 2680 283 2722 est,
309 2673 378 2713 sed
403 2673 452 2713 ad
477 2673 635 2713 alteram
660 2678 812 2725 partem
837 2671 1122 2712 dissertationis
1147 2672 1337 2724 pertinet3
1363 2686 1445 2713 non
1469 2674 1573 2714 enim
1598 2675 1834 2715 universam.

106 2741 261 2781 dicendi
284 2741 494 2792 imaginem
531 2740 602 2779 tibi
626 2752 849 2792 proponam
875 2751 1013 2796 eorum
1039 2739 1280 2788 carminum,
1307 2753 1408 2792 quae
1428 2741 1706 2782 diversissimis
1732 2748 1833 2782 tem-

106 2808 271 2861 poribus
308 2821 330 2848 a
355 2808 518 2847 diversis
544 2807 671 2860 poetis
698 2807 921 2860 composita
946 2819 1026 2846 non
1052 2806 1129 2846 alio
1154 2806 1309 2846 vinculo
1338 2808 1591 2848 continentur
1614 2809 1690 2848 nisi
1715 2822 1832 2859 argn-

107 2875 231 2915 menti
254 2875 519 2915 similitudine.
579 2874 846 2916 Nihilominus
884 2880 924 2914 et
948 2874 1130 2914 universa
1155 2874 1346 2926 quaedam
1372 2875 1421 2915 (le
1444 2875 1589 2915 horum
1616 2877 1832 2915 carminum

105 2941 269 2982 dialecto
294 2942 542 2994 praemittere
567 2947 605 2981 et
629 2954 770 2996 genera
795 2942 1001 2995 quaedam,
1027 2942 1067 2981 in
1092 2954 1192 2993 quae
1216 2942 1434 2982 secundum
1461 2942 1614 2981 dialecti
1642 2943 1832 2982 rationem

1517 3013 1534 3038 ‚2
1549 3012 1583 3021 -«
