1910 3268
119 277 306 332 κρέοντος
331 279 398 319 καὶ
416 276 626 318 Ἀλκαίου·
670 275 732 317 ἐπὶ
765 275 810 315 δὲ
832 279 914 316 τῶν
932 274 1118 316 Ἀλκαίου
1145 276 1257 324 ἷὼίυς
1281 276 1387 319 κατὰ
1411 277 1485 330 ’μὲν
1519 278 1592 329 τὴν
1611 279 1656 319 Ἀ
1666 296 1689 334 ρ
1703 298 1714 320 ι
1729 297 1784 321 στ
1799 297 1843 320 o—

120 343 344 401 φάνειον
366 343 525 386 ἔκδοσιν
542 368 599 374 »-
618 343 720 385 κατὰ
747 342 792 383 δὲ
815 341 889 396 τὴν
902 340 1199 397 Ἀριστάρχειον
1215 351 1288 386 etc.
1338 348 1572 398 Quanquam
1591 348 1694 388 euim
1715 349 1842 400 primo

120 420 283 468 aspectu
308 414 467 455 nonnisi
492 414 540 453 de
555 412 687 454 Alcaei
710 412 879 452 editione
896 413 1181 466 Aristophanea
1202 413 1310 466 loqui
1331 413 1481 453 videtur
1503 414 1685 466 scriptor,
1713 422 1842 456 tamen

119 483 160 522 hi
184 488 264 523 tres
288 487 429 535 poetae
452 481 628 534 Sappho,
653 480 872 527 Anacreon,
898 479 1085 529 Alcaeus,
1108 481 1214 533 quod
1240 481 1286 521 ad
1312 481 1422 533 signa
1447 481 1508 522 illa
1536 482 1669 522 critica
1695 484 1842 533 attinet,

121 563 221 603 quae
246 549 469 602 significent
492 553 686 588 mutatum
712 548 896 587 carminis
921 554 1103 597 metrum,
1127 549 1244 600 plane
1265 550 1578 602 conjunguntur,
1603 556 1686 590 tum
1706 551 1843 603 singu-

120 617 202 658 lare
233 617 327 670 quid
353 617 401 656 de
424 617 566 656 Alcaeo
601 615 764 663 dicitur,
808 628 890 655 non
915 616 1023 667 quod
1047 621 1084 655 et
1108 616 1371 667 Aristophane
1395 617 1531 657 critico
1558 631 1655 658 usus
1680 618 1748 668 sit,
1775 621 1844 660 sed

121 675 229 738 quod
251 684 534 737 Aristophanes
561 689 598 723 et
622 683 886 731 Aristarchus,
911 683 979 734 qui
1003 683 1041 722 in
1067 683 1141 722 illis
1167 683 1323 723 duobus
1349 685 1609 733 consentiant,
1634 686 1675 726 in
1700 687 1843 728 Alcaeo

121 753 260 795 eodem
286 752 475 792 asterisco
502 751 600 792 alius
626 763 700 803 pro
727 750 800 790 alia
825 763 868 789 re
898 750 961 790 usi
986 750 1077 790 sint.
1138 751 1274 803 Neque
1308 751 1349 790 in
1384 752 1610 793 universum
1644 755 1843 807 principes

121 819 174 861 illi
208 819 303 861 artis
338 819 495 859 criticae
528 818 646 858 unius
681 818 886 870 scriptoris
922 822 1025 857 textu
1060 818 1303 858 recensendo
1330 819 1654 870 continebantur,
1691 823 1760 862 sed
1797 825 1844 863 ad

121 892 248 929 totum
273 899 426 927 canona
450 885 671 939 pertinebat
695 898 833 924 eorum
857 884 1044 925 studium.
1105 885 1209 934 Quin
1240 886 1476 937 singularem
1508 887 1652 928 librum
1678 896 1717 929 et
1740 891 1843 931 Cha-

120 955 301 997 maeleon
323 953 513 994 Ponticus
539 952 765 1005 composuit
788 952 836 992 de
859 952 1109 992 Anacreonte
1135 953 1182 993 cs.
1203 953 1291 993 Ath.
1305 954 1388 1003 XII,
1407 951 1490 994 533
1504 968 1536 995 c.
1551 962 1589 995 et
1606 956 1844 1009 Hephaestio

121 1022 210 1075 περὶ
232 1023 306 1063 τοῦ
329 1019 422 1074 παρ’
442 1019 698 1072 Ἀνακρέοντι
724 1019 887 1074 λυγίνου
912 1016 1139 1074 στεφάνου,
1169 1021 1217 1060 de
1242 1035 1320 1074 quo
1353 1022 1564 1075 disputavit
1589 1024 1768 1065 Tenarus
1795 1027 1842 1067 cs.

122 1091 211 1132 Ath.
236 1090 314 1139 XV,
338 1086 421 1129 671
447 1089 473 1130 f.
532 1088 581 1128 Hi
605 1088 763 1141 quidem
798 1101 936 1128 omnes
971 1088 1096 1140 magis
1120 1088 1161 1128 in
1187 1088 1307 1129 rebus
1332 1089 1635 1142 interpretandis
1660 1106 1778 1145 quam
1804 1094 1843 1133 in

121 1164 226 1200 textu
262 1157 537 1199 constituendo
572 1161 749 1196 versatos
784 1156 906 1196 fuisse
942 1155 1149 1195 verisimile
1182 1161 1254 1196 est.
1318 1157 1363 1196 In
1387 1157 1635 1199 Aristarchea
1661 1160 1843 1207 editione,

52 1278 58 1282 ό
121 1238 222 1279 quae
245 1225 293 1267 ab
317 1224 608 1278 Hephaestione
631 1219 657 1276 ἦ
681 1224 753 1263 νῦν
777 1220 934 1270 ἔκδυσις
966 1224 1129 1273 dicitur,
1166 1236 1304 1263 omnes
1329 1225 1627 1278 acquieverunt3
1661 1240 1783 1280 eaque
1808 1235 1846 1267 et

119 1294 287 1335 Romam
311 1293 498 1333 translata
521 1292 683 1340 videtur,
716 1291 784 1331 ubi
810 1291 982 1332 Catullus
1014 1291 1167 1344 primus
1192 1292 1480 1333 Anacreontem
1505 1293 1678 1334 imitatus
1704 1300 1782 1343 est,
1809 1302 1847 1335 et

113 1356 408 1416 ‚posterioribus
433 1359 697 1412 grammaticis
722 1359 762 1398 in
787 1372 864 1399 usu
889 1359 972 1400 suit.
1034 1360 1162 1407 Quam
1199 1359 1265 1399 diu
1299 1360 1448 1412 integra
1472 1362 1730 1402 Anacreontis
1757 1375 1844 1403 car-

121 1429 274 1471 minum
298 1428 476 1468 collectio
502 1427 543 1466 in
566 1427 775 1466 hominum
808 1426 991 1467 manibus
1027 1427 1143 1466 fuerit
1174 1439 1256 1466 non
1290 1428 1424 1481 liquet.
1485 1429 1572 1469 Mox
1607 1429 1843 1482 quidemex

120 1496 259 1551 populi
282 1508 352 1536 ore
381 1508 476 1548 prae
509 1494 750 1534 imitatorum
786 1500 825 1534 et
849 1495 1089 1534 Graecorum
1123 1500 1161 1534 et
1184 1495 1454 1536 Romanorum
1490 1497 1605 1537 turba
1641 1497 1845 1537 evanuisse

120 1565 300 1605 videntur
324 1563 498 1603 carmina
524 1561 693 1613 genuina
717 1574 844 1614 neque
867 1567 961 1602 nota
986 1562 1107 1601 fuisse
1123 1562 1199 1602 nisi
1218 1564 1390 1603 metricis
1415 1569 1452 1603 et
1473 1565 1751 1616 grammaticis,
1777 1565 1845 1617 qui

121 1632 280 1685 antiqua
304 1637 342 1671 et
365 1630 542 1670 obsoleta
566 1629 876 1682 aucupabantur.
928 1629 1059 1669 Unum
1084 1635 1208 1670 exstat
1227 1631 1431 1682 vestigium
1458 1632 1505 1672 ad
1530 1638 1689 1684 tempus
1714 1633 1843 1684 quoad

121 1698 254 1740 omnia
287 1698 392 1751 apud
425 1697 702 1750 grammaticos
737 1702 888 1738 servata
923 1697 1002 1738 sint
1025 1698 1282 1738 Anacreontis
1319 1699 1492 1739 carmina
1527 1700 1842 1751 significandum.

122 1750 381 1807 Terentianus
406 1765 510 1805 enim
535 1765 693 1804 Maurus
717 1777 758 1816 p.
785 1761 896 1805 1246
921 1777 1011 1804 cum
1038 1765 1085 1804 de
1110 1771 1236 1805 metro
1260 1766 1454 1818 loquatur,
1480 1767 1641 1819 adjecit:

527 1837 729 1881 „metrum
754 1846 832 1885 quo
857 1838 1079 1872 memorant
1102 1833 1349 1874 Anacreonta

528 1900 695 1948 „dulces
722 1899 998 1952 composuisse
1023 1900 1281 1941 cantilenas.“

122 1971 210 2023 Ipse
233 1969 350 2021 igitur
374 1968 631 2009 Anacreontis
657 1967 829 2008 carmina
863 1968 940 2006 hoc
975 1974 1100 2007 metro
1135 1968 1282 2021 scripta
1317 1982 1399 2009 non
1424 1969 1507 2009 suis
1533 1970 1657 2009 oculis
1686 1970 1843 2018 viderat,

122 2037 280 2077 nonnisi
314 2037 416 2077 fama
448 2036 617 2089 quadam
651 2035 821 2075 obscura
863 2034 1050 2076 audierat.
1121 2036 1265 2076 Contra
1300 2036 1522 2077 Athenaeus
1556 2038 1842 2078 Anacreontem

121 2106 305 2146 Amorem
339 2104 611 2144 decantantem
647 2101 687 2141 in
714 2102 892 2142 omnium
928 2115 995 2142 ore
1031 2116 1118 2143 esse
1143 2104 1323 2156 perhibet
1345 2104 1444 2151 Xlll,
1471 2117 1509 2155 p.
1535 2101 1621 2144 600
1644 2106 1680 2145 d.
1741 2106 1843 2146 Num

122 2173 292 2224 genuina
315 2170 575 2211 Anacreontis
601 2170 774 2211 carmina
798 2183 924 2222 usque
950 2183 996 2209 eo
1022 2176 1172 2211 servata
1198 2171 1288 2220 sint,
1327 2171 1420 2210 dum
1445 2173 1694 2212 sacerdotum
1722 2173 1844 2214 Grae-

122 2252 260 2280 corum
291 2238 469 2290 flagranti
495 2237 585 2277 odio
615 2250 695 2278 una
726 2250 816 2278 cum
844 2237 927 2277 aliis
951 2243 995 2277 ut
1018 2239 1247 2287 Menandro,
1273 2238 1442 2291 Diphilo,
1468 2240 1722 2292 Apollodoro,
1749 2241 1843 2280 Phi-

121 2307 288 2356 lemone,
313 2306 549 2359 Sapphone,
574 2304 716 2345 Alcaeo
741 2305 1033 2353 succubuerint,
1061 2306 1166 2358 quod
1192 2319 1237 2346 ex
1259 2307 1458 2347 Demetrio
1486 2307 1747 2362 Chalcondyla
1773 2321 1844 2348 au-

122 2374 264 2415 divisse
287 2386 331 2413 se
364 2386 531 2425 puerum
566 2374 773 2426 profitetur
795 2374 970 2413 Joannes
1002 2374 1049 2413 de
1078 2373 1238 2413 Medicis
1275 2374 1323 2414 cf.
1356 2374 1517 2427 Alcyon.
1553 2376 1601 2415 de
1637 2389 1716 2416 exs.
1752 2376 1776 2415 l.
1814 2377 1843 2416 l.

121 2442 163 2482 in
198 2441 322 2490 exitu,
352 2436 465 2481 valde
498 2440 767 2481 dubitaverim.
827 2440 964 2480 Potius
1001 2440 1168 2493 plurima
1203 2441 1264 2481 illa
1295 2443 1565 2482 Anacreontea
1597 2443 1842 2493 intelligenda

122 2509 204 2548 sint
225 2515 307 2549 tum
332 2508 447 2548 etiam
473 2508 620 2561 populo
646 2508 719 2560 ipsi
742 2515 848 2550 nota.

931 2631 970 2686 ς.
995 2631 1036 2673 3.

707 2711 756 2743 Dc
781 2711 1003 2743 imitatoribus
1028 2712 1257 2744 Anacreontis.

235 2780 469 2831 Quanquam
494 2779 535 2818 in
560 2776 598 2832 ξ.
618 2776 656 2819 1.
682 2779 883 2831 quomodo
908 2785 1155 2819 mutarentur
1172 2780 1431 2821 Anacreontis
1468 2782 1641 2822 carmina
1668 2794 1844 2834 novaque

123 2845 436 2887 immiscerentur
467 2846 587 2898 longo
622 2851 846 2899 temporum
871 2846 1012 2899 spatio,
1050 2848 1354 2897 declaravimus,
1390 2854 1521 2888 tamen
1555 2862 1688 2888 nonne
1724 2849 1842 2888 vesti-

123 2912 186 2964 gia
217 2913 478 2962 imitatorum,
513 2914 580 2966 qui
615 2926 696 2953 non
731 2914 831 2954 forte
866 2914 914 2954 ad
947 2914 1179 2955 imitandum
1203 2916 1492 2955 Anacreontem
1527 2915 1743 2966 agebantur
1776 2916 1845 2954 sed

126 2980 332 3021 consilium
357 2987 472 3033 atque
496 2981 688 3022 rationem
714 2982 911 3034 quandam
938 2982 1204 3034 sequebantur
1228 2982 1267 3021 in
1293 2996 1336 3022 ea
1362 2995 1415 3026 re,
1443 2983 1702 3026 inveniantur.
1728 2982 1843 3021 nobis

1526 3052 1543 3077 3
1558 3051 1570 3063 .
