1910 3268
548 193 644 300 0
857 190 1057 259 ΛΞ-

95 322 189 362 Inde
214 325 380 375 apparet
405 331 562 359 carmen
589 317 749 357 nonnisi
770 316 1014 367 grammatici
1040 328 1140 363 esse,
1166 315 1233 368 qui
1258 315 1379 355 libere
1399 316 1438 356 in
1464 316 1663 357 mutandis
1687 316 1824 357 novis·

93 403 168 441 que
192 389 385 440 fingendis
412 386 494 425 deis
526 384 776 433 versabatur,
814 397 914 436 quos
935 384 1017 436 jain
1054 395 1170 423 nemo
1193 382 1359 423 colebat.
1409 383 1678 424 Mehlhornius
1703 383 1822 425 Auth.

92 456 181 509 Lyr.
208 470 247 509 p.
275 453 328 495 13
354 455 456 494 inter
481 452 650 504 genuina
676 452 850 492 carmina
870 452 1016 492 retulit.

206 522 326 562 Multo
356 520 529 561 melioris
562 523 680 559 notae
715 525 794 567 est,
827 531 1052 570 quanquam
1077 516 1426 559 Alexandrinorum
1462 522 1629 557 aetatem
1660 517 1823 567 redolet,

93 603 251 630 carmen
279 586 621 640 quadragesimum
655 584 723 637 (M.
746 583 835 638 27¹),
863 586 902 625 in
924 598 1003 638 quo
1025 585 1161 626 eadem
1183 584 1298 637 plane
1320 597 1382 624 res
1404 591 1520 638 atque
1546 585 1584 624 in
1622 585 1824 626 Theocriti

92 657 221 709 idyllio
254 652 311 694 19‘
348 660 565 695 enarratur.
621 654 744 694 Amor
778 653 882 693 enim
918 639 1196 706 cumfflicula
1243 651 1283 690 in
1317 652 1460 692 rosetis
1505 652 1658 693 occulta
1703 652 1823 704 digito

91 728 263 775 punctus
289 727 413 771 esset,
450 722 624 762 clamans
650 722 698 761 ad
724 727 889 761 matrem
914 720 1091 768 festinat,
1128 719 1365 759 moriturum
1392 732 1435 759 se
1470 720 1681 771 profitens,
1716 719 1824 772 quod

92 790 140 830 ab
167 802 295 841 angue
319 802 438 840 parva
462 789 560 829 alata
586 788 750 828 violatus
777 789 839 829 sit.
872 789 916 828 ln
941 788 1101 827 Veneris
1112 800 1323 840 response,
1350 778 1428 840 quo
1455 786 1631 839 apiculae
1665 787 1824 828 aculeus

92 861 345 908 comparatur
369 868 459 895 cum
476 856 635 895 Amoris
657 856 821 907 sagittis,
848 867 1003 895 summa
1032 856 1190 895 demum
1217 855 1403 895 carminis
1424 855 1540 894 inest.
1589 855 1823 907 Quanquam

91 924 256 964 summis
282 936 440 975 semper
462 923 644 963 laudibus
671 923 912 964 cumulatum
936 927 996 962 est
1020 935 1180 963 carmen
1206 923 1254 962 cf.
1274 923 1452 974 Longep.
1469 918 1575 962 204:
1602 921 1677 970 „de
1692 925 1823 961 tontes

93 991 176 1039 „les
204 991 299 1030 odes
325 991 359 1030 d’
386 991 593 1030 Anacreon
629 990 741 1043 voicy
767 991 862 1030 celle
888 991 954 1043 qui
989 990 1066 1030 m'a
1091 991 1272 1042 toujours
1308 989 1344 1028 le
1368 989 1457 1041 plus
1483 989 1641 1028 touche.
1667 1011 1723 1016 —
1767 987 1824 1029 La

92 1058 255 1106 „fiction
282 1071 330 1097 en
358 1063 416 1096 est
442 1063 550 1097 toute
574 1058 803 1108 ingenieuse
829 1063 866 1097 et
891 1063 999 1098 toute
1025 1058 1274 1105 charmante,
1310 1055 1567 1108 l’expression
1599 1055 1761 1095 delicate
1785 1060 1825 1109 et

93 1127 347 1174 „fine-enfin
374 1137 417 1163 ce
443 1125 544 1164 n’est
574 1137 649 1176 que
684 1137 819 1176 graces
846 1130 883 1164 et
917 1138 994 1177 que
1016 1125 1238 1173 beautez·‚“
1274 1129 1405 1163 tamen
1437 1136 1593 1164 summa
1627 1122 1822 1163 dissensio
1840 1170 1849 1178 ,

90 1194 192 1233 inter
224 1192 329 1231 viros
364 1193 503 1231 doctos
530 1197 609 1240 est,
647 1198 778 1232 utrum
807 1205 965 1232 carmen
991 1192 1069 1232 utri
1093 1191 1394 1244 praeferendum
1419 1190 1493 1240 sit3
1527 1190 1682 1231 Pawius
1717 1189 1826 1230 enim*

92 1265 132 1300 et
153 1260 332 1299 Welcker
355 1273 394 1312 p.
417 1257 517 1300 302·
534 1260 733 1299 Theocriti
758 1260 876 1300 odam
902 1261 1148 1312 praeferunt,
1175 1258 1444 1298 Mehlhornius
1469 1271 1509 1310 p.
1535 1255 1590 1299 25
1615 1270 1705 1298 cum
1730 1256 1822 1296 reli-

91 1328 178 1380 quis
229 1327 387 1379 antiqua
434 1327 683 1379 simplicitate
728 1334 766 1367 et
818 1332 1021 1367 venustate
1067 1326 1303 1367 Theocriteo
1346 1326 1664 1366 Anacreonteum
1705 1324 1823 1375 longe

92 1401 291 1447 praestare
317 1395 422 1434 dicit.
472 1395 680 1435 Videamus
706 1394 803 1447 ipsi:
831 1395 924 1434 dum
946 1395 1068 1434 Amor
1091 1395 1131 1434 in
1149 1395 1422 1435 Anacreonteo
1448 1393 1642 1445 apiculam
1667 1392 1708 1432 in
1730 1404 1824 1432 rosa

93 1462 261 1511 invenit,
308 1462 413 1514 apud
450 1463 708 1505 Theocritum
742 1476 873 1503 ceram
909 1475 954 1502 ex
979 1462 1086 1502 cellis
1121 1463 1322 1502 furaturus
1356 1460 1538 1512 fingitur,
1583 1473 1706 1513 quare
1733 1459 1824 1512 jure

92 1535 263 1581 punctus
284 1529 436 1569 videtur
459 1542 545 1569 esse
561 1530 738 1582 apicula3
763 1535 848 1570 tum
874 1530 913 1569 in
933 1529 1097 1569 Amoris·
1116 1528 1285 1581 querelis
1311 1528 1415 1580 apud
1436 1528 1692 1567 Theocritum
1717 1526 1823 1580 opti-

91 1610 154 1637 me
180 1602 438 1649 opponuntur
460 1595 617 1636 τυτθὸν
637 1596 787 1650 θηρίον
812 1603 851 1637 ct
875 1594 997 1637 ἁλίκα
1022 1594 1243 1650 τραύματα
1269 1599 1391 1646 ποιεῖ,
1433 1595 1501 1635 ubi
1527 1594 1824 1635 Anacreonteus

92 1665 153 1703 ille
180 1669 449 1704 commoratur
486 1664 526 1704 in
551 1665 679 1717 lepida
705 1665 882 1717 apiculae
917 1665 1183 1717 descriptione
1207 1664 1304 1703 nihil
1330 1676 1563 1716 opponens3
1589 1661 1757 1714 denique
1781 1661 1822 1700 in

91 1732 138 1770 iis
163 1744 263 1784 quae
287 1732 502 1783 respondet
525 1732 667 1781 Venus,
695 1733 799 1785 apud
821 1733 1078 1772 Theocritum
1105 1737 1360 1783 comparatur
1383 1730 1567 1782 parvulus
1584 1730 1707 1770 Amor
1732 1741 1822 1768 eum

92 1812 210 1851 parva
256 1798 431 1850 apicula,
489 1799 529 1839 in
563 1800 811 1840 Anacreonte
855 1799 1030 1851 gradatio
1075 1800 1119 1838 fit
1153 1811 1197 1839 ex
1238 1798 1390 1850 apicula
1431 1798 1479 1838 ad
1521 1797 1721 1838 Amorem.
1779 1796 1824 1836 In

93 1866 317 1906 universum
340 1866 497 1917 quidem
525 1868 657 1908 omnia
683 1867 785 1919 apud
809 1867 1063 1906 Theocritum
1089 1866 1213 1917 magis
1232 1878 1368 1917 presse
1394 1870 1510 1918 atque
1535 1864 1696 1904 concise
1719 1863 1822 1904 dicta

95 1938 207 1980 sunt,
235 1945 442 1985 compares
468 1934 587 1973 modo
615 1934 855 1987 paucissima
879 1934 1018 1975 verba:
1046 1933 1173 1982 δεῖξεν
1190 1931 1264 1973 τὰν
1285 1928 1435 1973 &damu
1456 1945 1545 1973 cum
1560 1931 1821 1973 Anacreontei

91 2000 248 2040 Amoris
275 2001 476 2041 oratione:

638 2066 773 2108 ὄλωλα
797 2071 924 2121 μῆτερ
951 2065 1056 2109 εἶπεν

635 2134 771 2178 ὄλωλα
792 2133 1070 2189 ἰεᾶποθνήσκω

635 2202 727 2258 ὄφις
748 2202 918 2256 μ’ἔτυψε
937 2201 1082 2256 μικρός
1107 2211 1180 2245 etc.

203 2271 294 2310 Non
320 2271 431 2310 facile
457 2277 587 2312 autem
612 2279 753 2325 poetae
778 2273 975 2314 imitantes
1012 2273 1175 2324 longum
1211 2283 1370 2312 carmen
1407 2271 1448 2310 in
1473 2269 1630 2310 brevius
1658 2273 1819 2310 contra-

90 2339 202 2387 hunt,
220 2339 289 2378 sed
304 2338 344 2378 in
371 2339 617 2380 elaborandis
635 2340 1001 2393 amplificandisque
1025 2339 1230 2380 sententiis
1250 2338 1326 2378 sibi
1350 2338 1520 2390 placent.
1565 2338 1675 2385 Quae
1693 2337 1823 2388 major

91 2406 319 2458 simplicitas
336 2418 381 2445 ac
396 2412 579 2448 venustas
605 2408 800 2460 reperitur
822 2408 863 2448 in
889 2408 1067 2448 oratione
1094 2407 1252 2455 directa,
1279 2419 1355 2458 qua
1380 2417 1478 2445 usus
1504 2409 1563 2444 est
1586 2408 1704 2457 poeta
1714 2403 1822 2444 Ana-

92 2473 315 2512 creonticus
341 2473 379 2513 in
407 2475 751 2515 enunciationibus
777 2475 981 2524 brevibus,
1014 2487 1059 2515 ea
1083 2475 1448 2514 Anacreonteorum
1472 2471 1679 2512 universae
1702 2474 1820 2510 natu-

91 2553 156 2580 rae
182 2540 374 2592 metrique
398 2541 541 2580 rationi
566 2542 795 2595 imputanda
823 2548 895 2583 est.
945 2542 1100 2590 Quibus
1127 2541 1256 2582 causis
1274 2541 1593 2581 Anacreonteum
1619 2537 1819 2579 adxrheo-

92 2607 200 2646 eritei
226 2607 444 2659 exemplum
480 2610 745 2662 compositum
780 2622 866 2650 esse
892 2609 1096 2650 statuerim
1130 2623 1151 2650 a
1176 2614 1294 2662 poeta
1318 2607 1470 2660 lepido,
1506 2606 1573 2658 qui
1597 2618 1698 2659 quae
1728 2603 1820 2645 uni-

92 2674 234 2726 cuique
265 2687 435 2726 poeseos
475 2676 607 2727 generi
639 2678 895 2730 quadrarent,
938 2676 1040 2724 bene
1085 2677 1279 2718 discrevit.
1339 2675 1445 2724 Quin
1477 2673 1518 2713 in
1561 2671 1689 2713 verbis
1722 2671 1822 2724 ipsis

91 2754 309 2793 eorumque
334 2742 469 2782 formis
496 2744 655 2784 serioris
681 2745 817 2784 aetatis
842 2744 1003 2796 vestigia
1027 2744 1180 2785 insunt:
1205 2743 1378 2797 primum
1403 2741 1498 2781 illud
1523 2743 1656 2780 πονεῖν
1681 2731 1820 2779 eodem

90 2809 180 2848 leco
206 2807 352 2860 duplici
387 2809 549 2849 notione
584 2811 732 2852 dictum
765 2817 803 2852 et
837 2811 960 2852 activa
992 2817 1030 2851 et
1063 2812 1231 2852 neutrali
1264 2824 1299 2850 V.
1326 2807 1393 2851 14.
1430 2805 1483 2848 15
1519 2806 1700 2856 offendit;
1735 2810 1819 2846 tum

92 2875 256 2915 consilio
284 2875 440 2916 doricae
465 2878 655 2929 quaedam
678 2879 826 2920 formae
851 2879 1055 2931 inspersae
1079 2884 1173 2919 sunt
1196 2878 1245 2918 ad
1272 2878 1373 2918 sales
1402 2874 1570 2917 orationi
1604 2873 1818 2914 addendas.

204 2942 249 2982 In
292 2943 506 2995 Hephaesti
549 2945 748 2986 officinam
785 2946 990 2988 Lemniam
1037 2946 1262 2986 inducimur
1302 2944 1475 2987 carmine
1517 2939 1818 2995 quadragesimo

89 3009 226 3061 quinto
251 3008 318 3062 (M.
345 3006 443 3061 κζ),
469 3011 535 3051 ubi
561 3011 809 3064 Hephaestus
834 3013 989 3053 Amoris
1016 3013 1089 3052 tela
1112 3026 1156 3052 ex
1184 3025 1271 3052 aere
1297 3011 1482 3059 fabricat,
1517 3010 1647 3050 Venus
1682 3006 1817 3059 cuspi-
