1910 3268
951 163 1004 206 16

107 292 259 333 dialecti
293 296 444 333 ratione
471 291 660 344 disjungi,
691 302 856 342 quarum
879 289 951 331 alia
975 289 1094 338 urbes
1115 291 1155 331 in
1177 290 1288 332 Caria
1321 297 1422 333 terra
1454 293 1569 343 sitae,
1597 293 1671 335 alia
1698 294 1841 347 Lydiae

106 359 224 400 urbes
245 359 346 399 inter
365 371 510 411 easqne
531 359 636 397 Teos
664 357 956 406 contineantur,
991 358 1064 398 alia
1088 358 1283 411 pertineat
1312 359 1361 399 ad
1387 359 1506 400 Chios
1527 365 1567 401 et
1589 360 1839 414 Erythraeos,

107 428 180 468 alia
216 428 265 467 ad
301 426 456 466 Samios
492 425 608 465 nobis
644 429 784 464 auctor
818 430 879 464 est
901 424 1125 465 Herodotus
1150 426 1185 475 1,
1213 423 1308 467 142.
1367 426 1624 468 Anacreontis
1640 429 1776 481 ⁰igitur
1809 430 1842 469 si

106 495 296 546 originem
323 498 569 545 spectamus,
594 491 715 544 Lydia
740 491 898 532 lonicae
930 491 1082 532 dialecti
1107 493 1272 545 species,
1305 493 1339 533 si
1365 506 1451 534 eam
1475 494 1634 545 urbem,
1673 508 1750 549 qua
1775 496 1840 536 diu

106 560 438 608 commorabatur,
465 559 595 599 Samia
621 559 656 598 ei
674 558 904 599 vindicanda
930 559 993 598 sit.
1042 559 1092 599 At
1108 572 1188 600 non
1215 560 1401 601 omnibus
1429 562 1675 614 temporibus
1705 563 1840 604 eadem

104 630 219 682 plane
252 628 397 668 mansit
429 627 563 666 Ionica
588 625 798 675 dialectus;
839 632 1029 679 quantum
1067 627 1185 667 distat
1213 628 1262 667 ab
1288 628 1498 669 Homerica
1524 629 1690 670 dialecto
1715 630 1842 671 Hero-

106 697 219 737 dotea
260 701 299 735 et
331 692 628 747 Hippocratea‘?
685 693 837 745 Lingua
871 694 956 746 ipsa
990 700 1034 735 ut
1059 695 1331 736 firmissimum
1363 695 1478 736 nohis
1513 697 1651 750 populi
1694 697 1841 750 ingenii

105 769 221 816 atque
244 774 403 804 morum
427 761 698 802 testimonium
722 761 902 813 praebet,
935 762 986 802 ita
1013 762 1106 814 quin
1134 775 1224 802 cum
1249 762 1427 803 moribus
1452 769 1626 804 mutetur
1648 765 1732 806 fieri
1757 778 1840 806 non

105 837 249 885 potest.
296 830 467 871 Prorsus
502 835 632 870 autem
657 829 799 869 Ionum
834 841 966 869 mores
1001 835 1175 870 mutatos
1213 842 1301 870 esse
1335 844 1379 871 ex
1405 831 1606 873 Athenaeo
1633 833 1728 882 XIV,
1755 830 1840 875 625

105 904 279 952 apparet,
306 897 372 951 qui
394 902 544 937 veteres
565 897 682 937 Iones
703 896 766 936 ἐπὶ
786 900 875 943 ταῖς
894 898 976 936 τῶν
998 894 1199 949 σωμάτων
1219 897 1386 946 ἐυεξίαις
1404 898 1752 952 βρενθευομένους
1772 901 1841 941 καὶ

103 968 246 1019 θυμοῦ
270 961 446 1019 πλήρεις,
468 961 864 1013 δυσκαταλλάκτους,
887 964 1136 1018 φιλονείκους
1148 962 1265 1004 οὐδὲν
1282 964 1578 1020 φιλάνθρωπον
1593 964 1840 1021 οὗὸὲὶλαρὸν

103 1031 397 1089 ἐμφαιιιξοντας
417 1033 585 1086 opponit
603 1033 870 1085 posteriorum
890 1029 1011 1085 ἤθεσι
1031 1030 1364 1086 τρυφερωτέροις.

217 1137 426 1176 Anacreon
451 1140 581 1174 autem
602 1139 640 1173 et
664 1133 712 1173 ab
737 1133 927 1174 Herodoti
953 1138 1078 1174 aetate
1102 1134 1236 1174 seculo
1262 1135 1342 1174 fere
1362 1134 1532 1176 distabat
1556 1141 1595 1176 et
1618 1135 1667 1176 ab
1688 1136 1836 1177 Home-

105 1205 197 1246 ricis
231 1203 360 1256 poetis
394 1199 624 1253 longissime
657 1200 813 1250 aberat,
849 1201 890 1240 in
920 1213 965 1241 ea
1000 1201 1157 1254 quidem
1194 1207 1320 1243 aetate
1354 1209 1550 1253 versatus,
1579 1217 1655 1257 qua
1680 1204 1837 1245 Ionicae

105 1273 224 1314 urbes
251 1282 476 1324 quanquam
501 1281 523 1309 a
548 1267 721 1321 tyrannis
747 1267 947 1321 subjectae
982 1275 1094 1310 erant
1117 1269 1284 1310 maxime
1319 1270 1578 1311 effloruerunt
1611 1271 1839 1325 sensimque

109 1354 155 1381 ex
191 1339 349 1390 antiqua
386 1350 543 1377 morum
579 1336 783 1376 severitate
810 1335 850 1375 in
874 1336 1066 1377 luxuriam
1090 1342 1207 1390 atque
1230 1337 1423 1378 levitatem
1447 1338 1681 1379 inciderunt.
1746 1338 1837 1379 Non

106 1407 270 1449 minoris
297 1411 428 1446 autem
453 1405 644 1445 momenti
666 1410 726 1444 est
749 1404 855 1456 quod
886 1404 999 1444 tertio
1024 1404 1113 1445 loco
1139 1405 1257 1458 posui
1291 1405 1332 1445 in
1368 1406 1566 1447 dialectica
1597 1398 1835 1459 scriptorum

106 1476 258 1517 ratione
283 1473 553 1526 dijudicanda:
589 1477 679 1512 ante
711 1471 844 1511 omnia
870 1471 936 1525 qui
966 1472 1140 1524 pedestri
1173 1471 1351 1512 oratione
1384 1473 1564 1514 scribunt
1588 1473 1837 1526 disjungendi

105 1549 199 1584 sunt
222 1555 243 1582 a
268 1540 418 1594 poetis3
445 1546 527 1580 tum
552 1540 655 1579 inter
677 1545 815 1592 poetas
841 1539 951 1592 ipsos
976 1552 1057 1579 non
1084 1540 1219 1581 eadem
1245 1540 1438 1592 quadrant
1462 1539 1584 1593 epicis
1609 1546 1726 1593 atque
1743 1541 1836 1594 lyri-

106 1613 178 1652 cis.
228 1611 358 1659 Quare
377 1608 585 1648 Anacreon
605 1607 858 1659 potissimum
887 1620 977 1647 cum
1002 1608 1147 1647 Ionicis
1173 1607 1322 1660 lyricis,
1349 1607 1606 1658 Archilocho,
1634 1608 1838 1648 Simonide

105 1678 333 1730 Amorgino,
346 1675 511 1724 Ananio,
523 1675 771 1727 Hipponacte
784 1675 1074 1727 comparandus
1088 1675 1255 1727 indeque
1268 1674 1419 1714 dialecti
1432 1674 1531 1715 ratio
1545 1676 1835 1727 cognoscenda.

107 1747 264 1800 Optime
297 1744 454 1797 quidem
488 1742 679 1794 Bergkius
703 1741 745 1780 V.
778 1741 834 1781 CI.
866 1741 1007 1781 Anacr.
1040 1756 1079 1795 p.
1116 1739 1172 1782 64
1207 1742 1254 1782 de
1289 1741 1499 1782 dialecticis
1535 1743 1692 1793 formis,
1737 1756 1838 1796 quac

105 1813 355 1867 reperiuntur
378 1811 418 1851 in
443 1810 683 1862 fragmentis,
710 1808 910 1858 disseruit,
947 1815 991 1848 ut
1014 1809 1272 1862 supersedere
1298 1809 1515 1849 disserendi
1548 1823 1692 1863 operae
1715 1823 1837 1863 posse

104 1881 248 1930 videar,
274 1879 393 1919 modo
419 1878 511 1918 illuc
534 1877 701 1917 lectores
727 1877 917 1929 relegem3
952 1881 1082 1916 tamen
1115 1881 1153 1916 et
1175 1876 1261 1928 ipsc
1285 1876 1325 1917 in
1351 1876 1564 1918 Censura
1591 1877 1833 1918 Schneidew.

107 1948 301 1989 Additam.
327 1946 376 1986 ad
399 1946 489 1999 Lyr.
516 1946 664 1986 Graeos
688 1957 800 1985 cens.
825 1945 872 1985 cs.
891 1944 997 1984 Diar.
1012 1944 1193 1984 Litterar.
1220 1944 1368 1997 antiqu.
1388 1945 1454 1994 III,
1480 1942 1520 1996 2,
1545 1958 1584 1985 n.
1602 1942 1670 1994 24,
1695 1958 1736 1998 p.
1755 1941 1837 1985 185

110 2030 198 2070 squ.
224 2015 345 2056 multa
367 2019 485 2066 atque
509 2026 610 2053 nova
635 2013 684 2052 de
708 2011 836 2052 verbis
863 2011 1075 2052 contractis
1101 2011 1270 2061 addidit,
1308 2025 1408 2065 quae
1432 2013 1473 2052 in
1498 2025 1622 2053 unum
1648 2025 1738 2053 cum
1758 2012 1833 2053 illis

107 2084 217 2137 prius
239 2070 447 2134 disputatis
475 2080 749 2133 conjungenda
774 2085 878 2128 sunt,
906 2084 945 2119 et
968 2079 1065 2119 mihi
1089 2091 1170 2119 non
1195 2084 1275 2119 tam
1300 2079 1339 2119 id
1355 2080 1614 2132 spectandum
1636 2086 1707 2130 est,
1734 2093 1834 2133 quae

105 2164 194 2192 vere
212 2150 370 2191 Ionicae
391 2149 541 2190 formae
562 2148 602 2187 in
619 2148 867 2188 Anacreonte
891 2147 1148 2199 reperiantur,
1170 2159 1287 2199 quam
1308 2147 1401 2200 quid
1421 2147 1576 2188 licuerit
1595 2147 1836 2188 Anacreonti

107 2220 147 2259 in
172 2216 403 2259 adhibendis
429 2216 585 2265 formis,
618 2229 718 2268 quae
740 2220 807 2256 aut
830 2215 879 2255 ad
905 2227 1158 2255 communem
1181 2214 1352 2255 Graecae
1371 2214 1527 2266 linguae
1551 2227 1670 2255 usum
1694 2219 1762 2255 aut
1785 2214 1843 2258 ad.

105 2286 289 2327 Doricam
314 2284 522 2324 dialectum
547 2283 786 2335 pertineant,
819 2282 923 2322 unde
950 2281 1066 2322 nobis
1090 2280 1302 2321 maximum
1323 2282 1372 2322 ad
1396 2282 1667 2322 Anacreontea
1687 2281 1833 2334 dijudi-

108 2354 230 2394 canda
256 2351 439 2393 auxilium
465 2356 676 2404 repetatur,

223 2455 264 2495 Si
285 2452 568 2495 vocabulorum
589 2452 793 2504 stirpem
821 2456 1060 2504 spectamus,
1085 2450 1211 2490 tribus
1233 2449 1452 2490 rationibus
1474 2449 1638 2490 dialecto
1659 2454 1835 2490 mutatur

107 2529 151 2564 ut
170 2528 238 2564 aut
256 2522 382 2561 littera
403 2525 576 2560 mutetur
595 2524 663 2559 aut
682 2519 847 2559 addatur
867 2523 934 2558 aut
953 2518 1144 2559 dematur.
1175 2518 1232 2557 Ex
1253 2517 1646 2557 consonantibus
1666 2516 1834 2557 maxime

107 2591 367 2643 aspiratarum
388 2588 485 2627 ratio
507 2586 699 2636 habenda,
722 2587 868 2639 quippe
889 2598 989 2638 quae
1009 2585 1056 2626 ab
1079 2585 1242 2625 Ionibus
1263 2585 1396 2624 evitari
1418 2585 1584 2625 soleant.
1623 2583 1670 2623 Π
1689 2596 1780 2624 cum
1800 2598 1831 2638 φ

108 2662 393 2698 commutatum
415 2661 475 2695 est
493 2655 533 2694 in
555 2654 745 2695 vocabulo
767 2652 943 2694 ἐπίστιον
965 2653 1042 2703 XC,
1063 2650 1113 2702 4,
1136 2667 1159 2691 κ
1180 2665 1269 2692 cum
1286 2666 1316 2704 χ
1335 2651 1376 2691 in
1397 2652 1443 2692 fr.
1455 2646 1665 2692 LXXVIII:
1682 2647 1835 2702 μοκλόν

109 2726 178 2764 sed
199 2725 245 2773 II,
276 2721 349 2763 11:
381 2720 571 2774 δέχεσθαι
592 2722 806 2770 invenitur,
838 2722 883 2760 sr.
906 2721 1037 2760 LVIII.
1056 2722 1224 2772 χιτῶνα.
1268 2715 1497 2771 Ταργήλιος
1518 2719 1674 2771 quidem
1705 2717 1835 2758 ionice

108 2793 255 2832 dictum
277 2804 349 2843 pro
374 2786 603 2842 Θαργήλιος
624 2790 668 2829 fr.
690 2788 890 2836 XXXVIII,
913 2788 982 2827 sed
1002 2788 1041 2826 in
1062 2787 1281 2827 LXXXVII:
1303 2782 1496 2826 καθεύδει
1527 2785 1688 2838 spiritus
1718 2797 1835 2838 asper

107 2872 220 2900 suam
247 2862 323 2898 vim
352 2862 516 2897 exercet.
559 2857 613 2896 Ex
634 2857 775 2895 Ionum
805 2867 916 2895 more
947 2855 986 2893 in
1017 2854 1209 2893 adverbiis
1240 2853 1406 2893 maxime
1427 2869 1450 2892 κ
1470 2866 1559 2893 cum
1591 2869 1619 2891 π
1650 2865 1831 2892 commu-

108 2933 212 2967 tatur
237 2927 284 2966 cf.
307 2926 353 2964 sr.
376 2925 478 2965 XIX:
507 2939 577 2963 κω.
601 2923 715 2970 LXII,
738 2920 782 2963 2:
816 2920 921 2969 ὅκως
951 2935 1077 2973 neque
1108 2927 1237 2961 tamen
1266 2919 1366 2961 ποτέ
1392 2920 1608 2973 repudiavit
1626 2920 1830 2960 Anacreon

109 2996 153 3034 I'r.
182 2993 379 3034 LXXXVI.
