1910 3268
932 134 988 178 56

96 269 169 310 pro
197 258 441 300 substantivo
467 261 535 300 sed
560 274 633 314 pro
652 274 823 313 persona
849 263 965 303 etiam
991 262 1152 314 ponitur
1177 262 1224 300 cl'.
1247 256 1354 313 λάβῃ
1375 275 1412 299 τι
1424 261 1489 300 καὶ
1503 258 1704 314 παρέλθῃ,
1717 261 1822 313 quod

96 325 248 365 ridiculi
273 327 364 379 quid
390 328 508 368 habet
532 341 578 368 ac
602 328 735 380 potius
760 328 808 368 ad
833 329 992 368 serioris
1020 333 1160 381 poetae
1181 327 1304 367 festivi
1328 327 1464 382 ludum
1489 339 1607 380 quam
1642 328 1691 368 ad
1713 329 1820 368 Ana-

98 394 267 433 creontis
299 394 499 446 ingenium
536 395 728 447 quadrare
764 395 926 435 videtur.
988 396 1121 436 Tertio
1146 395 1235 434 loco
1266 394 1514 434 offenderunt
1548 395 1625 436 duo
1661 396 1821 436 extremi

96 472 231 500 versus
266 461 369 502 viros
405 464 543 503 doctos
579 476 669 502 cum
704 468 868 516 propter
901 469 1070 503 metrum
1106 463 1291 502 violatum
1328 468 1411 501 tum
1446 468 1610 514 propter
1643 462 1819 503 doricam

95 527 303 567 dialectum
328 535 489 582 repente
514 530 599 569 sine
623 530 699 570 ulla
736 543 876 571 caussa
906 536 1119 583 receptam.
1176 530 1294 569 Recte
1319 529 1566 581 Peerlkamp.
1598 542 1638 582 p.-
1667 526 1750 569 179
1783 536 1821 570 et

94 593 312 635 Mehlhorn.
341 610 379 649 p.
407 594 490 637 140
530 597 757 637 Hermanno
802 603 1075 645 assenserunt,
1121 597 1278 637 aliunde
1321 596 1474 636 additos
1518 609 1668 641 versus,
1698 596 1819 638 videri

95 661 195 710 sive,
222 663 328 715 quod
360 665 628 704 Mehlhornius
661 665 866 714 existimat,
887 677 960 717 pro
987 665 1143 706 duobus
1160 665 1243 705 aliis
1269 664 1472 707 substituti
1497 663 1577 703 sint
1600 663 1680 704 sive
1704 664 1821 717 plane

94 728 233 780 adjecti
259 743 301 769 ea
328 732 484 783 quidem
521 738 658 782 aetate,
693 731 761 772 ubi
796 733 949 773 vocales
976 748 1015 781 α,
1038 748 1063 781 ι,
1088 747 1112 771 υ
1147 745 1219 785 pro
1252 731 1490 784 ancipitibus
1516 737 1816 784 usurparentur.

94 795 134 834 Si
160 796 207 834 de
241 802 323 837 toto
358 798 476 850 igitur
510 799 682 840 carmine
710 800 903 853 judicium
938 800 1141 840 serendum
1176 805 1247 848 est,
1273 812 1354 838 non
1378 799 1635 839 Anacreontis
1661 798 1814 852 quidem

92 862 217 914 ipsius
243 866 455 915 genuinum
481 867 549 906 sed
575 868 623 907 ad
649 870 733 920 eJus
759 868 978 920 exemplum
1005 867 1270 920 compositum
1296 879 1382 907 esse
1406 865 1718 907 existimaverim.

204 932 261 971 Ad
298 946 508 985 quamnam
546 940 712 975 aetatem
746 936 940 988 pertineat
973 948 1131 975 carmen
1155 935 1383 974 visesimum
1418 938 1600 986 quartum
1627 932 1695 985 (M.
1721 928 1815 984 λη’),

92 997 159 1037 ubi
184 998 231 1038 de
255 1001 390 1040 metris
418 1001 716 1053 disputavimus,
737 1003 819 1055 jam
845 1002 1130 1055 perspeximus,
1157 1015 1257 1054 quae
1281 1002 1321 1041 in
1344 1000 1473 1041 verbis
1485 1000 1581 1053 ipsis
1605 999 1728 1040 insint
1753 1013 1818 1039 ve-

91 1065 203 1116 stigia
230 1079 338 1107 nunc
364 1068 577 1109 videamus.
627 1069 936 1109 Enunciationes
961 1069 1071 1122 ipsae
1095 1069 1212 1121 plane
1236 1069 1428 1120 abruptae
1452 1073 1569 1120 atque
1601 1067 1817 1108 dissolutae

87 1138 205 1173 sunt:
241 1147 359 1183 „cum
385 1136 506 1175 homo
534 1137 621 1185 sim,
648 1149 860 1189 quamnam
885 1136 985 1176 vitae
1019 1142 1171 1188 partem
1207 1148 1391 1176 emensus
1417 1135 1492 1175 sim
1505 1134 1601 1183 scio,
1627 1147 1728 1186 quae
1750 1147 1814 1174 re-

90 1205 166 1239 stat
190 1202 347 1251 nescio;
374 1216 497 1255 apage
523 1216 652 1253 curae,
666 1204 896 1256 priusquam
922 1203 1081 1252 moriar,
1106 1203 1238 1243 ludam
1253 1208 1366 1255 atque
1391 1203 1528 1243 saltem
1541 1201 1813 1254 cumLyaeo.“

88 1267 265 1308 Primum
291 1270 365 1309 vita
392 1277 646 1323 comparatur
670 1284 760 1311 cum
786 1271 857 1319 via,
883 1284 958 1323 qua
985 1271 1072 1323 quis
1097 1271 1272 1319 incedat3
1298 1276 1381 1310 tum
1401 1275 1557 1322 tempus
1569 1269 1701 1322 ipsum
1724 1283 1813 1310 cum

90 1336 299 1386 curriculo,
322 1351 394 1390 per
413 1339 520 1391 quod
541 1344 683 1387 currat,
705 1344 743 1378 et
764 1351 854 1378 cum
879 1344 995 1387 meta,
1017 1351 1133 1390 quam
1154 1343 1395 1390 praetereat-
1420 1333 1466 1377 ὃν
1488 1338 1725 1390 παρῆλθονς
1747 1339 1816 1378 de-

89 1403 205 1455 nique
236 1404 335 1444 vitae
361 1406 479 1445 finem
507 1419 589 1445 non
620 1406 814 1446 currendo
843 1406 1067 1459 assequitur
1096 1406 1164 1445 sed
1197 1418 1239 1445 re
1270 1405 1423 1444 inversa
1450 1405 1550 1445 vitae
1569 1405 1659 1445 finis
1680 1405 1813 1458 ipsum

88 1470 204 1522 capit.
247 1472 350 1512 Tum
372 1473 465 1526 quid
495 1473 570 1513 sibi
592 1475 682 1514 velit
707 1471 829 1521 καλὸς
857 1475 1044 1522 Λυαῖος,
1072 1486 1244 1526 quocum
1273 1473 1414 1512 saltare
1435 1471 1551 1524 gestit
1574 1477 1711 1524 poeta,
1733 1485 1816 1512 non

86 1539 304 1591 perspicio,
327 1547 481 1582 sumtus
503 1542 654 1582 videtur
675 1555 719 1582 ex
741 1542 915 1582 carmine
935 1542 994 1591 VI,
1019 1538 1085 1581 13.
1108 1540 1174 1581 ubi
1205 1553 1295 1580 cum
1320 1540 1465 1579 Amore
1487 1544 1526 1578 et
1543 1539 1693 1580 Venere
1714 1552 1813 1580 con-

79 1606 243 1658 junctus
265 1608 430 1648 devenit.
454 1609 646 1650 Carminis
668 1610 822 1650 initium
845 1609 1048 1649 concionis
1070 1621 1206 1648 sacrae
1237 1607 1353 1647 verba
1374 1606 1536 1656 redolet,
1558 1619 1686 1659 neque
1706 1607 1812 1659 apud

84 1671 214 1713 honos
247 1675 462 1728 scriptores
489 1675 631 1728 βιότου
663 1678 802 1729 τρίβον
834 1673 985 1716 ὁδεύειν
1020 1677 1093 1716 hac
1129 1675 1291 1715 notione
1312 1675 1515 1723 dicuntur,
1540 1686 1699 1726 semper
1717 1668 1814 1720 ὁδὸς

86 1746 232 1780 certam
265 1745 460 1794 quandam
494 1746 592 1786 vitae
622 1746 817 1786 rationem
848 1745 1044 1797 significat
1079 1744 1127 1783 cf.
1160 1743 1284 1782 Isocr.
1325 1742 1373 1782 ad
1398 1742 1509 1781 Dem.
1531 1754 1571 1793 p.
1607 1738 1647 1781 3.
1670 1736 1813 1791 βιότου

83 1803 236 1860 ταύτην
257 1808 330 1862 τὴν
352 1807 448 1851 (ἱὸὸν
473 1809 768 1864 ἐπορεύθησαν.
810 1814 896 1853 Duo
926 1818 1078 1852 tantum
1103 1811 1143 1850 in
1167 1810 1323 1849 Anthol.
1350 1809 1432 1849 Pal.
1469 1808 1643 1861 exempla
1668 1808 1812 1857 inveni,

84 1887 183 1926 quae
211 1879 412 1928 quomodo
449 1881 596 1921 deflexa
630 1881 682 1920 sit
712 1881 821 1921 notio
857 1881 1150 1920 demonstrant:
1192 1879 1325 1923 καλῶς
1353 1875 1446 1927 βίον
1478 1872 1595 1926 οἶμον
1617 1870 1749 1916 &duim
1775 1883 1813 1916 01

83 1940 193 1982 θέειν
211 1943 303 1994 βίου
325 1941 438 1997 οἶμον
462 1946 588 1997 (valde
613 1948 727 1988 doleo
746 1948 852 2001 quod
870 1948 980 1987 locos
1002 1947 1112 1999 ipsos
1138 1945 1359 1985 accuratius
1371 1944 1591 1996 significare
1611 1956 1693 1983 non
1712 1957 1811 1997 pos-

82 2022 184 2059 sum,
212 2024 301 2052 cum
324 2015 490 2063 numeri,
522 2028 626 2067 quos
650 2015 746 2055 mihi
767 2015 962 2063 adnotavi,
989 2027 1070 2054 non
1094 2012 1318 2066 quadrent).
1358 2011 1399 2051 Si
1425 2024 1583 2051 carmen
1607 2011 1648 2050 in
1667 2024 1809 2051 mona-

83 2077 144 2116 chi
171 2079 307 2120 cellam
337 2081 625 2122 Anacreontem
651 2082 794 2122 imitari
824 2082 1017 2122 studentis
1047 2093 1277 2132 nonumque
1314 2085 1406 2133 post
1441 2079 1531 2118 Chr.
1567 2092 1605 2119 n.
1633 2079 1820 2119 seculum>

80 2145 312 2198 relegamuS,
338 2149 521 2202 injuriam
546 2150 580 2189 ei
605 2150 745 2190 secisse
769 2163 851 2189 non
877 2149 1105 2189 videbimur.

195 2214 310 2261 Quod
344 2217 523 2269 sequitur
553 2230 713 2257 carmen
738 2217 969 2257 vicesimum
1000 2217 1201 2270 quintum,
1237 2210 1398 2268 (Μ.μγ’)
1425 2214 1466 2254 in
1490 2214 1580 2253 loco
1605 2213 1671 2252 illo
1694 2225 1809 2253 com-

80 2283 189 2322 muni
215 2290 391 2323 versatur
410 2284 459 2324 ab
484 2285 731 2325 Anacreonte
756 2298 835 2324 non
863 2284 1009 2325 alieno:
1035 2284 1251 2324 bibendum
1277 2295 1364 2322 esse
1390 2287 1433 2322 ut
1447 2281 1655 2334 sopiantur
1676 2293 1807 2329 curae,

79 2363 179 2402 quae
208 2351 303 2390 nihil
337 2352 513 2404 prosint,
542 2365 631 2392 cum
664 2358 833 2393 mortem
859 2365 997 2393 omnes
1035 2356 1241 2404 oppetaut3
1283 2348 1539 2389 nihilominus
1569 2348 1808 2388 Anacreonti

78 2418 239 2458 minime
272 2419 568 2471 adscripserim,
596 2433 686 2460 cum
721 2420 893 2471 languidi
929 2419 1022 2472 quid
1052 2426 1168 2471 atque
1193 2417 1325 2457 usitati
1349 2416 1506 2456 habeat.
1558 2414 1691 2464 Quid?
1710 2427 1806 2455 num

77 2486 366 2527 Anacreontem
392 2487 581 2527 fervidum
607 2494 766 2540 poetam
792 2493 871 2527 tam
892 2487 1074 2538 religiose
1091 2491 1293 2538 spectasse
1317 2489 1501 2536 putemus
1527 2489 1571 2522 ut
1591 2482 1695 2522 binis
1718 2494 1804 2522 ver-

77 2553 188 2593 sibus
215 2555 511 2595 cnunciationes
538 2555 881 2603 concluderentur,
904 2560 948 2594 ut
972 2554 1124 2605 singula
1149 2564 1334 2592 versuum
1354 2551 1465 2603 paria
1498 2550 1593 2599 sibi,
1619 2549 1726 2602 quod
1756 2549 1805 2590 ad

77 2621 310 2660 sententiam
344 2623 523 2674 pertinet,
557 2622 870 2675 responderent?
893 2622 1065 2670 Accedit,
1092 2620 1198 2673 quod
1223 2620 1301 2659 duo
1326 2631 1462 2658 versus
1488 2616 1688 2657 acatalecti
1720 2616 1805 2656 sine

78 2689 215 2728 ordine
241 2689 398 2729 admixti
425 2690 504 2729 sint
529 2690 764 2730 catalecticis
790 2696 906 2741 atque
931 2689 970 2728 in
996 2688 1201 2740 penultimi
1220 2699 1356 2726 versus
1379 2686 1479 2724 exitu
1506 2680 1707 2736 spondeus
1729 2696 1802 2735 pro

77 2755 208 2795 iambo
234 2756 388 2808 positus
415 2758 477 2798 sit.

190 2825 271 2864 Alia
297 2825 413 2876 plane
439 2825 623 2865 carminis
649 2825 822 2864 vicesimi
835 2824 930 2863 sexti
945 2822 1013 2873 (M.
1022 2820 1106 2875 μς’)
1121 2827 1259 2862 natura
1281 2827 1353 2868 est,
1375 2833 1453 2872 quo
1464 2819 1566 2859 idem
1591 2829 1802 2870 argumen-

76 2897 158 2932 tum
194 2897 403 2941 tractatur,
437 2892 567 2932 omnia
603 2892 764 2932 excitata
801 2898 916 2943 atque
948 2897 1075 2938 mota3
1111 2888 1294 2942 superbia
1329 2888 1390 2927 illa
1427 2891 1534 2938 grata
1566 2885 1656 2925 vino
1687 2890 1818 2925 aucta>

75 2960 123 2999 ad
149 2960 297 3012 majora
333 2973 490 3012 semper
522 2959 788 3012 progreditur,
825 2971 948 3011 usquc
975 2959 1067 2998 dum
1095 2957 1226 2997 onmia
1254 2959 1499 3001 contemnat3
1536 2965 1635 3005 puer
1654 2965 1799 2993 novum
