1910 3268
69 341 262 394 poeticam
291 338 329 378 ei
357 339 527 386 aul'erre3
562 336 676 388 plane
705 335 821 387 igitur
851 333 969 386 abigit
994 334 1196 386 Chrysum.
1239 329 1474 385 Interpretes
1509 342 1645 371 omnes
1685 341 1767 371 ser-

69 407 159 448 vum
183 413 353 449 amatum
380 419 465 446 esse
499 405 605 445 illum
640 404 828 455 Chrysum
866 402 1149 450 existiman-unu
1198 401 1266 441 sed
1300 400 1331 440 si
1367 395 1451 452 ipse
1484 406 1599 451 poeta
1632 399 1774 439 amavit

69 476 273 529 Chwsum,
296 475 494 528 quomodo
516 486 603 513 eum
617 472 770 523 abigere
794 470 983 510 voluerit?
1010 467 1142 509 nonne
1157 475 1237 509 tum
1251 468 1415 508 maxime
1437 480 1525 507 cum
1538 467 1705 518 gaudere
1726 479 1771 506 eo

55 544 216 593 liceret,
240 543 287 583 ad
312 542 499 602 amatoria
525 540 696 581 carmina
720 539 924 592 pangenda
949 535 1213 578 excitabatur?
1248 538 1331 585 Qua
1364 537 1410 575 de
1437 548 1575 575 caussa
1595 539 1678 574 tum
1703 535 1771 574 de-

71 614 180 652 mum
201 623 336 651 servus
361 610 408 650 ad
433 610 569 648 herum
594 607 769 655 accessit,
797 606 830 645 si
855 607 938 658 ejus
959 604 1111 644 animus
1134 602 1412 657 superbiebat?
1439 603 1579 644 Omnia
1604 602 1772 642 obscura

70 684 186 732 atque
210 690 390 731 perversa
425 682 537 724 sunt,
574 675 649 714 nisi
678 687 793 726 quam
831 673 975 713 Gailius
1005 672 1242 712 haesitanter
1277 672 1476 722 ingressus
1511 677 1570 710 est
1590 659 1702 719 viam,
1730 676 1772 709 ut

69 745 206 799 Chrysi
238 745 408 785 nominis
439 743 686 794 ambiguitate
716 742 847 781 ludere
881 746 1036 793 poetam
1067 745 1285 787 statueret,
1331 738 1616 790 persequimur.
1668 737 1772 776 Nihil

72 813 175 854 enim
195 820 255 853 est
277 812 446 864 Chrysus
473 810 546 850 nisi
573 823 724 858 aurum,
751 808 903 850 divitiae
928 808 967 846 in
991 807 1238 864 universum,
1265 818 1359 858 quas
1386 811 1627 858 quantopere
1650 805 1773 856 fugiat
1808 814 1811 816 ’

72 885 199 934 poeta,
221 879 425 930 allegorice
450 878 666 926 declaravit,
692 889 807 929 quam
830 876 1062 931 ‚sententiam
1076 875 1298 914 Richterum
1321 872 1538 924 amplexum
1557 886 1643 912 esse
1659 887 1699 925 p.
1718 869 1771 911 57

70 949 206 990 laetor.
254 945 404 987 Divitiis
438 945 585 986 abactis
614 958 726 985 curas
753 957 907 997 quoque
931 943 1030 994 abigi
1057 956 1099 982 ex
1135 941 1285 982 talentis
1317 940 1388 979 illis
1413 932 1647 980 Anacreonti
1673 940 1770 980 datis

72 1016 168 1057 satis
193 1019 366 1067 apparet,
401 1014 450 1053 ad
471 1027 569 1066 quae
595 1013 756 1053 forsitan
775 1012 988 1064 respexerit
1007 1017 1135 1064 poeta.
1170 1010 1239 1050 Cui
1263 1022 1342 1048 non
1369 1009 1409 1048 in
1432 1015 1602 1048 mentem
1627 1008 1773 1047 venerit

72 1082 278 1124 odaXXllI
293 1078 402 1138 (ἧδ’),
429 1095 503 1134 qua
530 1081 651 1120 multo
677 1082 804 1132 aptius
827 1080 959 1119 eadem
979 1093 1040 1118 res
1066 1077 1280 1119 tractatur?
1304 1077 1368 1116 Vix
1395 1090 1494 1128 opus
1520 1082 1577 1116 est
1590 1081 1771 1115 notemus

73 1157 112 1191 et
131 1144 223 1190 vitia
258 1149 417 1189 metrica
452 1154 488 1188 et
512 1149 764 1187 dialectorum
790 1141 1082 1195 confusionem,
1130 1147 1233 1186 unde
1259 1158 1373 1197 quam
1401 1158 1488 1183 sero
1514 1144 1589 1182 hoc
1615 1156 1770 1183 carmen

74 1217 337 1271 compositum
358 1217 419 1265 sit,
455 1216 678 1255 concludas.

183 1285 325 1326 Ultimo
352 1296 466 1323 versu
493 1279 650 1330 πόθους
684 1281 848 1322 κέκλυθι
882 1278 988 1328 ἁὸἐΐς
1021 1282 1205 1333 transitus
1231 1287 1390 1332 paratur
1414 1281 1462 1320 ad
1491 1291 1657 1331 sequens
1685 1291 1770 1318 car-

73 1366 177 1403 men,
206 1353 311 1406 quod
336 1351 441 1391 nullo
468 1351 582 1403 plane
606 1351 759 1390 interno
771 1351 924 1389 vinculo
946 1364 1032 1389 cum
1050 1349 1300 1389 antecedente
1322 1348 1582 1401 conjungitur.
1609 1346 1771 1386 Postea-

79 1434 196 1475 quam
229 1432 369 1471 magna
401 1419 609 1458 verborum
650 1418 762 1457 turba
801 1418 987 1470 praelusit
1018 1416 1306 1470 quodammodo
1347 1422 1462 1468 poeta
1499 1414 1679 1462 carmini,
1725 1413 1772 1453 ad

75 1495 156 1529 tres
179 1487 341 1528 Phoebo
368 1493 538 1528 sacratas
562 1500 624 1526 res
654 1486 862 1534 citharam,
902 1486 1075 1533 laurum,
1108 1484 1300 1537 tripodem
1334 1483 1482 1523 accedit
1516 1483 1670 1535 quidem
1705 1481 1772 1520 de-

77 1556 312 1604 cantandas,
346 1556 413 1595 sed
435 1556 617 1607 Daphnes
641 1554 761 1594 solius
787 1553 955 1593 fabulam
981 1557 1146 1593 enarrat.
1193 1553 1320 1600 Quare
1355 1564 1398 1590 ex
1421 1552 1569 1603 majore
1604 1549 1774 1589 carmine

74 1626 334 1676 fragmentum
356 1624 578 1662 desumtum
604 1635 691 1661 cum
713 1622 947 1674 reliquisque
973 1620 1195 1671 fragmentis
1222 1624 1429 1658 consutum
1454 1618 1613 1657 videtur.
1640 1618 1772 1657 Secta-

77 1699 142 1732 tur
167 1697 296 1733 autem
325 1696 439 1742 poeta
468 1689 742 1746 sublimitatem
771 1690 964 1740 quandam
995 1688 1257 1735 Pindaricam,
1294 1700 1380 1739 qua,
1415 1686 1448 1726 si
1472 1699 1601 1725 rerum
1634 1697 1772 1724 nexum

77 1764 314 1813 spectamus,
340 1757 435 1797 nihil
459 1757 627 1809 ineptius
653 1762 722 1796 est.
760 1756 882 1796 Verba
914 1756 996 1808 ip'sa
1033 1769 1076 1795 ex
1100 1755 1268 1794 Pindaro
1305 1756 1452 1794 furatus
1478 1758 1536 1793 est
1558 1758 1602 1792 ut
1631 1751 1774 1805 σοφίης

77 1825 209 1867 ἄωτον
245 1826 362 1878 etr.
387 1826 498 1865 Nem.
524 1825 590 1873 ΙΙΙ,
612 1821 685 1864 29;
726 1823 839 1869 δίκας
864 1821 1011 1873 ἄωτος,
1051 1824 1186 1863 Isthm.
1210 1823 1269 1871 IV,
1293 1819 1363 1862 18:
1408 1821 1553 1874 σοφίας
1583 1819 1713 1860 ἄωτον
1738 1825 1776 1859 et

80 1893 226 1947 μελέτη
252 1895 300 1934 cf.
321 1894 457 1933 Isthm.
485 1893 543 1941 lv,
569 1889 636 1933 28.
687 1891 964 1931 Nonnetacite
988 1904 1101 1930 versu
1127 1890 1298 1930 secundo
1324 1894 1439 1941 poeta
1464 1902 1508 1928 se
1530 1889 1659 1941 ipsum
1679 1888 1773 1928 Pin-

76 1964 169 2004 daro
202 1961 410 2015 opposuit,
437 1960 502 2012 qui
528 1965 565 1999 et
589 1957 742 2006 ἄθλους
767 1959 982 1999 decantavit
1002 1963 1039 1997 et
1059 1957 1295 1997 carminibus
1320 1957 1403 2008 ipse
1425 1955 1612 1997 certavit?
1651 1957 1775 2007 Atque

78 2044 113 2071 v.
138 2027 196 2071 24
219 2043 305 2083 squ.
332 2035 448 2082 poeta
479 2041 523 2068 ex
547 2027 750 2067 Pindarica
775 2026 1009 2066 sublimitate
1034 2026 1080 2066 ad
1105 2025 1427 2064 Anacreonticam
1451 2025 1642 2064 levitatem
1667 2029 1774 2063 tran·

79 2099 225 2139 siturus
245 2096 443 2152 jaculandi
468 2095 675 2146 imaginem
701 2107 744 2135 ex
768 2095 936 2134 Pindaro
958 2093 1145 2133 desumsit
1171 2093 1217 2131 cf.
1241 2093 1351 2132 Nem.
1377 2092 1454 2141 VII,
1470 2089 1545 2132 71:
1569 2089 1626 2142 μὴ
1649 2089 1775 2143 τέρμα

78 2164 233 2218 προβὰς
256 2162 405 2204 ἄκονθ’
430 2154 503 2203 ὧτε
525 2184 545 2192 -
572 2160 684 2216 ὄρσαι
710 2187 730 2192 -
754 2164 953 2215 γλῶσσαν,
997 2162 1070 2210 ΙΧ,
1097 2157 1168 2199 55:
1196 2157 1410 2207 ἀκοντίζων
1433 2162 1583 2198 σκοποῦ
1608 2156 1776 2211 ἄγχιστα

85 2233 281 2282 Marmar,
306 2233 442 2272 Isthm.
469 2232 515 2281 II,
542 2228 620 2271 35:
662 2228 801 2283 μακρὰ
823 2226 1029 2280 δισκήσαις
1054 2226 1345 2277 ἀκοντίσσαιμι.
1403 2228 1459 2266 Ex
1486 2228 1629 2278 hymno
1654 2226 1774 2278 Apol-

86 2302 155 2341 lini
178 2301 304 2341 dicato
331 2301 370 2340 in
395 2299 653 2339 Anacreontei
681 2298 863 2338 carminis
898 2296 1127 2349 particulam
1151 2295 1381 2344 incidimus,
1417 2308 1504 2347 qua,
1538 2300 1582 2333 ut
1604 2293 1773 2332 bibendo

85 2369 313 2420 effugiamus
349 2367 546 2407 caniculae
581 2373 742 2415 aestum,
769 2365 1001 2412 excitamur3
1028 2361 1176 2415 ἄστρον
1207 2360 1402 2416 φλογερὸν
1428 2374 1513 2401 esse
1547 2361 1773 2408 caniculam,

77 2449 159 2476 non
201 2435 382 2476 translata
417 2435 576 2475 notione
611 2446 682 2485 pro
718 2428 876 2484 οἶστρον
921 2432 1016 2480 dici,
1058 2431 1162 2483 quod
1197 2430 1424 2470 existimavit
1468 2429 1665 2478 Welcker,
1711 2429 1775 2482 qui

77 2515 216 2543 vanam
245 2502 287 2542 in
322 2515 367 2542 eo
398 2502 534 2554 posuit
558 2513 735 2553 operam,
777 2506 820 2540 ut
850 2512 967 2539 unam
1006 2499 1237 2538 sententiam
1271 2498 1331 2536 his
1362 2496 1520 2536 diversis
1551 2496 1775 2547 fragmentis

24 2610 25 2613 ,
81 2569 244 2610 subesse
269 2575 467 2622 procaret‚
504 2583 548 2608 ex
571 2568 719 2608 Horatii
746 2580 857 2607 versu
882 2566 1076 2606 simillimo
1103 2570 1264 2618 apparet
1289 2565 1361 2605 Od.
1388 2565 1416 2612 Ι,
1445 2561 1510 2612 17,
1537 2560 1610 2604 18:
1635 2563 1699 2603 hic
1721 2587 1776 2593 —

78 2637 285 2678 Caniculae
307 2637 442 2677 vitabis
464 2642 593 2676 aestus
627 2641 664 2674 et
692 2635 766 2674 fide
793 2634 885 2674 Teia
919 2634 1023 2673 dices
1058 2656 1113 2661 ——
1136 2632 1454 2686 Penelopen-etc.
1498 2631 1668 2670 Extremi
1689 2644 1774 2669 ver-

79 2718 169 2754 sus,
202 2705 267 2757 qui
288 2718 309 2744 a
334 2704 504 2757 pessimo
527 2703 786 2742 versificatore
810 2702 870 2741 his
901 2700 1041 2753 pannis
1072 2699 1242 2752 adjuncti
1263 2699 1451 2748 videntur,
1477 2710 1657 2749 magnam
1683 2711 1773 2750 par-

79 2777 157 2812 tem
178 2785 297 2812 sensu
320 2777 473 2820 carent,
497 2783 615 2823 quare
642 2770 896 2822 explicatione
920 2769 1033 2820 plane
1057 2767 1333 2807 abstineamus,

191 2840 235 2880 ln
262 2839 460 2879 Theodori
491 2837 692 2891 prodromi
714 2837 879 2887 dialogo,
911 2836 976 2888 qui
997 2820 1222 2874 inscribitur
1247 2830 1496 2887 Ἀμάραντος
1525 2829 1550 2884 ἢ
1583 2832 1620 2871 Γ
1618 2831 1773 2885 ἐροντος

0 2926 18 2954 ῃ
80 2905 232 2962 ἔρωτες
255 2908 451 2959 profertur
480 2919 500 2945 a
532 2905 684 2959 comico
715 2904 1008 2955 Chaerephonte
1036 2902 1349 2955 epithalamium,
1388 2901 1491 2953 quod
1517 2900 1608 2939 dicit
1637 2900 1672 2938 τὶ
1705 2903 1774 2951 τῆς
1805 2934 1809 2939 .

0 3091 25 3127 a}

0 3132 31 3192 {1²ss

77 2973 353 3028 Ἀνακρέοντος
371 2969 540 3026 μούσης,
565 2973 637 3012 An.
657 2969 712 3012 62
733 2963 841 3025 (ξεῗ).
868 2971 1018 3019 Quibus
1039 2969 1162 3010 verbis
1180 2969 1326 3009 inducti
1356 2981 1436 3007 non
1463 2967 1681 3015 defuerunt,
1709 2966 1774 3018 qui

0 3052 21 3083 L:
82 3042 314 3083 Anacreonti
338 3041 614 3089 adscriberent,
640 3052 859 3092 quanquam
885 3042 1176 3089 argumentum,
1201 3035 1338 3086 verba,
1365 3041 1507 3083 metra,
1531 3034 1660 3073 omnia
1689 3033 1773 3072 luce
