1910 3268
953 136 1010 178 50

120 284 239 325 supra
264 268 423 310 nonnisi
448 266 606 306 serioris
631 264 767 305 aetatis
793 276 880 303 esse
906 263 1200 303 declaravimus.
1260 250 1316 302 lta
1347 262 1463 323 igitur
1486 273 1569 301 rem
1594 260 1843 314 dijudicatam
1900 294 1903 295 γ

119 334 231 379 velim
258 342 303 378 ut
325 335 543 375 secundum
569 330 781 383 genuinum
808 330 1065 370 Anacreontis
1097 343 1253 370 carmen
1285 330 1396 382 plura
1429 328 1648 380 composita
1673 326 1753 367 sint
1775 339 1843 367 ea-

120 419 196 459 que
219 417 302 444 non
326 403 441 455 plane
466 400 640 452 abjecta;
665 403 804 449 postea
835 403 964 438 autem
980 411 1001 437 a
1026 397 1280 449 grammatico
1307 397 1478 449 quodam
1502 396 1636 448 inepto
1662 395 1740 434 duo
1765 393 1843 433 hu-

113 472 290 527 jusmodi
316 474 482 510 consuta
506 467 585 506 sint
607 465 723 518 plane
747 466 954 518 disjuncta.

233 537 388 578 Amoris
414 535 605 575 calores
631 532 747 572 nobis
765 537 1045 585 proponuntur
1068 532 1109 572 in
1130 532 1370 573 carminibus
1395 532 1482 571 XXI
1499 535 1536 571 et
1552 530 1657 569 XXII
1679 525 1744 580 (ιζ’
1756 528 1841 580 M.)‚

120 620 220 660 quae
247 619 266 645 a
293 604 492 655 Stephano
526 601 684 653 quidem
715 604 830 652 atque
862 599 1049 651 Spalettio
1084 599 1361 652 disjunguntur
1391 599 1460 638 sed
1487 611 1507 638 a
1533 597 1777 647 Mehlho'rnio
1801 596 1844 636 in

120 686 242 714 unum
269 670 573 717 contrahuntur,
619 680 735 720 quem
770 672 808 706 et
842 667 904 706 alii
929 674 967 707 et
992 668 1172 725 Welcker
1203 680 1242 719 p.
1269 664 1351 707 271
1377 666 1501 706 secuti
1535 670 1641 705 sunt.
1701 664 1847 704 Contra

122 741 424 780 Wiedemannus
446 750 484 789 p.
510 732 565 777 25
600 748 643 774 ex
674 735 825 774 diversa
856 735 1074 774 carminum
1105 734 1235 773 indole
1261 734 1435 774 carmina
1467 745 1555 773 esse
1589 731 1848 785 disjungenda

120 806 381 859 comprobare
414 803 576 843 studuit.
646 803 678 841 A
712 801 866 841 feminis
902 802 1033 841 vinum
1071 802 1146 841 sibi
1183 802 1265 842 (lari
1286 802 1400 854 jubet
1423 806 1561 854 poeta,
1597 805 1641 839 ut
1675 799 1845 840 calorem

120 874 354 916 acerrimum
379 871 481 911 inter
505 870 840 921 compotationem
868 867 1006 919 (multa
1032 870 1135 910 enim
1154 871 1236 921 jam
1261 869 1414 909 biberat
1445 866 1684 921 προποθείς)
1717 867 1845 919 repri-

119 947 221 990 mat,
267 940 438 990 itemque
464 939 606 978 floreas
632 949 801 977 coronas
833 937 1025 988 postulat,
1060 936 1203 988 quibus
1229 937 1396 975 frontem
1421 940 1600 976 urentem
1624 935 1846 986 refrigeret,

120 1020 241 1061 quare
266 1012 397 1047 autem
423 1005 470 1045 ab
496 1005 687 1044 Amorum
713 1004 842 1044 calore
867 1005 1096 1054 flagrantem
1122 1003 1296 1043 animum
1322 1003 1533 1044 defendat?
1577 1005 1653 1052 Qui
1677 1017 1847 1058 sequens

120 1074 299 1116 odarium
325 1073 455 1113 statim
481 1072 718 1124 adjungunt,
749 1071 990 1123 respondere
1014 1070 1107 1110 huic
1132 1070 1428 1122 interrogationi
1453 1076 1650 1111 statuunt:
1690 1071 1848 1111 Amoris

120 1143 291 1184 calorem
327 1140 420 1191 tegi,
466 1139 498 1178 si
535 1138 582 1178 ad
616 1138 781 1190 Bathylli
814 1137 996 1177 umbram
1033 1137 1250 1189 confugiat,
1297 1138 1363 1189 qui
1397 1150 1487 1177 cum
1523 1137 1664 1178 arbore
1688 1138 1848 1178 frondes

117 1209 255 1249 leniter
278 1211 458 1247 movente
484 1210 758 1257 comparatum
797 1205 973 1257 proxime
1007 1205 1146 1244 abesse
1177 1205 1325 1245 fontem
1350 1205 1570 1255 garrulum,
1617 1217 1735 1257 quem
1759 1218 1849 1246 cum

120 1275 314 1329 aspexerit
338 1273 438 1325 quis,
464 1272 677 1324 praeterire
709 1273 839 1311 locum
866 1285 947 1311 non
972 1273 1111 1324 possit.
1173 1273 1260 1312 dam
1286 1284 1381 1311 num
1407 1272 1631 1312 necessario
1656 1272 1736 1313 imo
1761 1278 1852 1326 apte

118 1345 215 1383 haec
241 1342 319 1381 duo
356 1340 529 1380 carmina
567 1340 752 1394 conjungi
788 1340 943 1391 possint
979 1339 1194 1379 videamus.
1253 1339 1402 1379 Prioris
1438 1339 1623 1380 carminis
1655 1340 1850 1382 sententia

119 1423 190 1463 per
207 1422 249 1449 se
275 1408 422 1460 optime
448 1412 544 1456 stat,
571 1407 609 1446 id
636 1406 739 1446 enirn
765 1407 844 1445 vult
868 1411 984 1458 poeta
1009 1411 1053 1446 ut
1077 1406 1228 1446 etiamsi
1254 1407 1362 1446 calor
1385 1406 1679 1458 compotatione
1703 1408 1848 1449 excita-

119 1484 183 1517 tus
208 1474 369 1528 reprimi
393 1475 521 1526 possit
542 1479 579 1513 et
602 1474 692 1513 vino
719 1479 756 1513 et
781 1473 952 1522 coronis,
979 1479 1110 1514 tamen
1135 1475 1289 1514 interno
1306 1474 1463 1513 Amoris
1489 1473 1608 1514 calori
1632 1475 1850 1515 remedium

120 1544 248 1584 ass'erri
282 1541 445 1582 nesciat.
506 1542 633 1589 Quam
676 1541 842 1581 maxime
882 1541 1090 1581 excitatum
1129 1548 1189 1581 est
1223 1546 1363 1593 poetae
1397 1541 1616 1592 ingenium;
1661 1541 1871 1594 quidquid‘

120 1610 303 1651 auxilium
329 1610 429 1648 serre
453 1608 601 1660 possit,
645 1613 856 1660 provocat,
892 1608 961 1647 sed
987 1621 1076 1648 cum
1102 1614 1304 1650 remaneat
1326 1621 1483 1661 semper
1505 1608 1661 1648 Amoris
1683 1608 1791 1649 calor
1810 1598 1850 1649 in

121 1677 259 1725 corde,
290 1677 371 1729 jam
407 1675 529 1715 tristis
555 1675 724 1727 quaerit:
759 1675 825 1727 qui
849 1676 955 1714 hunc
981 1676 1199 1715 defendam.
1252 1677 1381 1723 Quare
1414 1676 1666 1727 iuterrogatio
1700 1676 1740 1716 in
1774 1677 1853 1716 fine

120 1743 304 1784 carminis
342 1742 469 1794 posita
504 1742 761 1781 offensionem
794 1742 983 1794 praebere
1014 1755 1095 1781 non
1120 1748 1263 1794 potest.

230 1810 350 1850 Plane
386 1809 459 1849 alia
499 1814 558 1848 est
589 1809 789 1861 sequentis
829 1809 1014 1849 carminis
1059 1809 1232 1849 indoles:
1277 1811 1492 1851 delectatur
1534 1816 1651 1863 poeta
1697 1812 1847 1852 descri-

119 1878 251 1917 bendo
277 1877 365 1916 loco
394 1876 566 1928 quodam
591 1876 753 1916 reducto
770 1908 780 1925 ‚
819 1889 936 1929 quem
969 1876 1181 1916 obumbrat
1204 1877 1343 1927 arbor3
1382 1891 1551 1931 eumque
1581 1879 1669 1927 sons
1701 1879 1847 1931 irrigat.

125 1944 267 1986 Omnia
291 1944 422 1995 quieta
449 1948 542 1983 sunt
565 1948 682 1995 atque
706 1949 857 2000 pacata,
884 1943 980 1983 nihil
1003 1944 1147 1983 suroris
1172 1944 1274 1984 illius
1299 1945 1389 1984 vino
1414 1946 1538 1985 multo
1564 1946 1728 1995 excitati,
1754 1947 1850 1987 nihil

121 2011 263 2052 interni
288 2010 453 2059 caloris3
478 2023 560 2050 non
584 2023 741 2050 summo
760 2023 802 2050 se
815 2011 944 2050 studio
970 2024 1175 2051 accurrere
1200 2025 1278 2052 una
1303 2024 1393 2051 cum
1406 2012 1582 2064 Bathyllo
1598 2014 1711 2065 fingit
1733 2020 1850 2067 poeta

121 2079 190 2119 sed
207 2083 521 2131 praetereuntem
547 2077 745 2129 aspexisse
767 2077 900 2117 locum
924 2078 1057 2130 ibique
1079 2079 1297 2118 considisse
1313 2075 1390 2119 una
1415 2093 1504 2120 cum
1529 2080 1719 2134 Bathyllo.
1747 2082 1850 2132 Quid
1875 2102 1878 2105 ·

122 2151 251 2186 autem
278 2150 338 2184 est
362 2142 471 2195 παρὰ
496 2143 569 2196 τὴν
593 2142 709 2195 σκιὴν
736 2141 963 2183 Βαθίλλου
1004 2146 1037 2185 si
1072 2146 1305 2185 Mehlhornii
1338 2148 1541 2199 sequimur
1582 2147 1850 2188 sententiam?

122 2211 286 2252 Duobus
312 2217 462 2251 tantum
499 2211 627 2251 modis
653 2212 834 2263 explicari
859 2218 1029 2264 possunt
1068 2213 1183 2253 verba
1199 2245 1208 2262 ,
1243 2219 1285 2252 ut
1309 2219 1376 2254 aut
1398 2215 1597 2267 Bathyllus
1622 2215 1707 2267 ipse
1730 2216 1850 2256 arbor

122 2279 286 2327 dicatur,
313 2279 425 2331 cujus
450 2278 590 2318 umbra
617 2284 770 2330 tegatur
792 2292 905 2319 amor
927 2285 1085 2332 poetae,
1111 2286 1180 2320 aut
1201 2281 1400 2332 Bathyllus
1425 2281 1608 2322 arborem
1633 2283 1846 2335 possideat.

123 2345 301 2385 Priorem
327 2345 624 2397 explicationem
650 2347 850 2398 amplexus
886 2353 946 2386 est
969 2348 1148 2386 Welcker
1167 2348 1332 2387 Uhlandi
1366 2361 1520 2388 versum
1546 2350 1734 2398 afferens,
1781 2351 1848 2403 qui

123 2413 170 2451 de
193 2418 353 2464 pectore
377 2418 626 2452 mortuorum
651 2414 881 2453 memoriam
906 2419 1063 2454 tenente
1087 2415 1319 2454 haecdicit:

392 2479 468 2519 Ein
491 2480 789 2521 hez'mathlicher
812 2481 996 2522 Schatten
1016 2481 1133 2521 wehet
1156 2480 1255 2527 hier,

393 2546 500 2587 Aucli
524 2547 658 2600 fehlen
682 2547 846 2588 Blumen
866 2548 974 2589 nicht
998 2561 1051 2588 an
1075 2551 1204 2589 seiner
1228 2548 1428 2589 Schwelle.

122 2612 199 2652 Sed
234 2618 478 2664 quantopere
513 2620 647 2654 nostra
691 2615 824 2666 poesis
861 2616 1028 2655 maxime
1056 2616 1097 2655 in
1131 2615 1368 2667 imaginibus
1402 2618 1640 2670 usurpandis
1675 2618 1792 2658 distet
1826 2631 1847 2658 a

110 2679 292 2728 ⁸Graec0,
329 2679 423 2722 satis
449 2685 602 2720 notum.
661 2682 873 2734 Nunquam
908 2673 1132 2733 allegoriam
1166 2682 1279 2722 istam
1316 2697 1388 2735 per
1421 2682 1558 2736 plures*
1587 2697 1723 2725 versus
1749 2697 1846 2737 pro—

122 2751 303 2798 pagatam
336 2746 595 2786 Anacreontis
628 2759 715 2787 esse
750 2749 1067 2795 existimaverim,
1114 2749 1154 2788 in
1189 2762 1267 2802 quo
1304 2750 1399 2789 nihil
1435 2751 1623 2803 quaesiti,
1660 2751 1757 2791 nihil
1781 2765 1847 2792 ar-

125 2813 279 2852 tificiosi
314 2812 428 2852 inest.
498 2813 627 2853 Altera
658 2819 788 2854 autem
824 2815 1050 2867 explicatio,
1096 2817 1144 2855 ad
1178 2829 1295 2868 quani
1331 2818 1599 2858 Mehlhornius
1636 2819 1873 2870 confugere-

123 2880 287 2932 cogitur,
314 2892 403 2919 cum
429 2880 602 2931 priorem
629 2886 808 2933 respuat,
834 2882 1001 2922 maxime
1034 2883 1204 2934 languet.
1266 2884 1351 2924 Duo
1382 2884 1500 2935 igitur
1524 2882 1698 2925 carmina
1722 2885 1846 2926 habe·

121 2959 221 2995 mus,
248 2959 371 2986 unum
397 2947 643 2986 Anacreonte
673 2947 847 2999 dignum.
907 2949 1043 3001 Neque
1067 2950 1180 2989 metri
1205 2963 1332 3002 neque
1356 2950 1509 2991 dialecti
1532 2952 1632 2993 ratio
1667 2951 1716 2992 ab
1740 2953 1847 2993 Ana-
