1910 3268
983 83 1040 127 83

149 211 240 263 dem
263 211 390 261 melle,
415 211 493 251 hile
516 211 603 251 linit
624 211 769 259 Amor;
803 210 915 250 Marti
948 222 993 249 ex
1017 222 1150 262 pugna
1174 208 1353 249 redeunti
1378 209 1642 263 invidentique
1657 224 1776 264 parva
1802 212 1875 252 tela

15 303 23 306 ν
67 314 73 318 .
146 279 304 320 Amoris
334 279 458 319 Amor
476 291 522 319 ea
558 278 698 327 tradit,
731 282 777 317 ut
810 290 906 318 num
938 277 1035 317 levia
1056 277 1136 316 sint
1163 276 1406 329 experiatur;
1433 277 1517 329 jam
1538 277 1692 317 Mavors
1726 279 1879 319 ridente

146 346 296 388 Venere
338 345 413 386 sub
449 345 514 385 teli
537 346 715 398 pondere
743 357 903 397 gemens
927 345 1090 384 reddere
1116 344 1226 396 cupit
1248 338 1512 393 sed'srustra3
1546 349 1681 384 tenere
1710 346 1877 396 cogitur.

148 415 337 455 Telorum
356 410 513 461 Ameris
547 413 638 464 igne
666 419 705 452 et
736 412 851 452 melle
879 411 1093 452 tinctorum
1127 425 1247 464 saepe
1280 412 1524 451 mentionem
1555 412 1704 452 faciunt
1736 418 1879 465 poetae

146 480 396 525 Alexandrini
421 480 470 521 cf.
496 480 648 519 Mosch.
672 479 729 519 ld.
753 480 792 529 1,
814 476 891 521 29:
925 477 977 518 τὰ
1000 476 1076 530 γὰρ
1102 478 1198 532 πυρὶ
1223 475 1357 519 πάντα
1379 477 1606 529 βέβαπται,
1647 479 1808 531 Meleag.
1835 492 1876 521 n.

148 545 205 589 17
224 549 286 589 ed.
318 548 408 588 Gn:
427 542 702 600 πυριβλήτους
722 542 798 599 εἶχε
822 542 987 585 Πόθων
1019 544 1176 595 ἀκίδας,
1210 558 1252 586 n.
1287 543 1362 587 18:
1395 569 1453 574 —
1482 545 1706 598 δυσέρωτες
1728 569 1785 575 ———
1807 548 1881 586 τοῦ

145 616 296 670 πικροῦ
316 611 552 668 γευσάμενοι
569 612 744 665 μέλιτος,
766 627 805 654 n.
831 611 908 654 50:
934 612 977 654 τί
996 612 1108 662 ξένον
1127 613 1162 654 εἶ
1178 611 1580 666 βροτόλοιγος’Ἐρως
1603 612 1655 654 τὰ
1675 610 1878 669 πυριπνόα

149 679 249 732 τόξα
267 679 410 734 βάλλει
429 680 663 734 καὶ-πικρὰ
685 683 782 738 γελᾷ
792 698 805 732 ,·
831 679 879 721 οὗ
898 679 1037 734 ματὴρ
1063 678 1215 733 στέργει
1233 678 1309 731 μὲν
1323 678 1446 733 Ἄρη,
1470 680 1638 734 γαμὲτις
1657 681 1702 722 δὲ
1728 681 1876 722 τέτυκ-

146 766 214 792 ται
227 746 453 805 Ἁφαίστου
477 747 593 789 κοινὰ
624 747 691 788 καὶ
717 749 814 801 πυρὶ
839 748 905 789 καὶ
932 748 1109 801 ξίφεσινς
1134 748 1239 788 Scite
1263 754 1393 788 autem
1423 755 1540 800 poeta
1572 750 1703 789 omnia
1736 750 1875 802 dispo-

146 819 248 869 suit,
273 823 319 859 ut
341 817 471 869 imago
497 816 678 857 existeret
701 816 999 865 venustissima,
1023 815 1126 855 bene
1157 815 1346 868 opposuit
1369 829 1469 868 quae
1493 817 1732 868 opponenda
1767 824 1880 857 erant

146 891 193 928 ut
210 882 406 939 στιβαρὸν
426 880 526 937 δόρυ
549 890 588 924 et
606 881 726 935 βέλος
736 881 935 936 Ἔρωτος;
973 883 1271 924 enunciationes
1297 883 1625 935 simplicissimae,
1648 883 1880 936 plerumque

146 966 231 1001 non
255 954 491 1007 conjunctae
514 952 659 992 mirum
691 956 882 1004 quantum
917 951 1132 991 venustatis
1166 951 1238 991 toti
1270 950 1435 990 carmini
1469 950 1660 990 tribuunt.
1708 952 1759 990 At
1781 951 1880 991 haec

148 1021 237 1075 ipsa
271 1020 403 1061 omnia
437 1032 519 1060 non
551 1020 600 1060 ad
623 1020 936 1076 Anacreontem,
972 1018 1042 1058 sed
1066 1019 1114 1058 ad
1138 1018 1442 1057 Alexandrinum
1475 1023 1634 1070 poetam
1668 1018 1877 1070 pertinent,

149 1101 270 1142 quem
304 1087 481 1141 produnt
513 1087 664 1127 formae
699 1086 839 1127 atticae
863 1084 1005 1125 ionicis
1031 1085 1276 1126 intermixtae
1297 1085 1344 1124 cf.
1376 1098 1411 1124 v.
1437 1083 1486 1126 2:
1523 1084 1725 1137 λημιίἰιις.
1759 1098 1795 1125 v.
1829 1082 1878 1125 3:

150 1154 267 1208 βέλη.
297 1169 333 1196 v,
353 1152 404 1196 4:
437 1151 568 1195 ἐποίει.
603 1167 640 1194 v.
664 1151 738 1194 14:
770 1149 1048 1204 ὖπεμειὸιάσες
1078 1166 1206 1205 neque
1230 1153 1435 1193 metricam
1469 1153 1573 1193 illam
1598 1153 1879 1201 difficultatem„

150 1237 253 1278 quae
273 1237 313 1264 v,
336 1219 366 1263 6
386 1222 512 1262 vocali
526 1237 551 1261 v
577 1227 667 1262 ante
687 1223 710 1260 λ
734 1221 776 1260 in
799 1217 925 1272 γλυκύ
950 1220 1143 1273 producta
1169 1220 1309 1268 existit,
1335 1221 1562 1273 conjectura
1576 1220 1779 1268 solverim;
1802 1233 1879 1272 po-

150 1291 229 1333 tius
253 1295 396 1344 poetae
419 1289 496 1342 ipsi
517 1288 726 1329 tribuenda
751 1289 925 1337 videtur,
963 1287 1030 1340 qui
1055 1287 1274 1327 secundum
1303 1287 1465 1327 Homeri
1490 1288 1712 1340 exemplum
1735 1287 1776 1326 in
1802 1286 1880 1327 arsi

76 1386 91 1391 ⁷—
151 1358 345 1412 produxit
361 1357 520 1409 longam
545 1355 747 1409 syllabam,
772 1354 1002 1409 praesertim
1031 1367 1121 1394 cum
1145 1360 1311 1394 accentu
1336 1360 1553 1395 notaretur.

215 1431 218 1433 ’
266 1426 327 1466 Ad
351 1437 565 1478 quamnam
595 1429 761 1464 aetatem
786 1422 1016 1476 hujusmodi
1053 1422 1226 1462 carmina
1250 1422 1494 1474 pertineant,
1525 1422 1736 1462 manifesto
1761 1421 1879 1461 nobis

150 1494 397 1534 demonstrat
420 1491 599 1532 odarium
631 1491 1001 1543 quinquagesimum
1035 1502 1186 1529 nonum
1212 1487 1280 1540 (M.
1307 1487 1365 1541 ε’),
1401 1489 1507 1542 quod
1532 1489 1574 1529 in
1605 1489 1742 1529 codice
1764 1488 1881 1529 Pala-

149 1561 235 1602 tino
267 1559 414 1601 Juliani
448 1558 626 1611 Aegyptii
659 1558 821 1597 nomine
854 1556 1084 1597 inscribitur
1118 1562 1235 1609 atque
1266 1557 1306 1596 in
1338 1557 1572 1608 Anthologia
1596 1556 1796 1596 Planudea
1830 1556 1881 1596 cf.

148 1630 236 1670 Jac.
255 1628 301 1669 A.
328 1627 373 1668 P.
395 1627 432 1667 ΙΙ
457 1640 498 1679 p.
517 1623 602 1666 743
626 1625 871 1677 septuaginta
897 1623 1043 1664 Juliani
1067 1623 1308 1663 carminibus
1333 1624 1549 1671 antecedit3
1575 1623 1751 1676 ejusdem
1776 1623 1883 1663 enim

152 1695 308 1748 generis
331 1698 629 1746 argumentum,
665 1692 802 1732 eadem
825 1691 1110 1732 sententiarum
1145 1691 1390 1744 simplicitas,
1417 1691 1555 1731 eadem
1580 1691 1733 1730 dicendi
1748 1690 1882 1730 levitas

152 1764 269 1804 inest.
309 1761 426 1811 Quod
451 1760 499 1801 ad
523 1765 799 1811 argumentum
825 1759 983 1806 attinet,
1014 1759 1129 1811 quale
1158 1758 1198 1798 in
1223 1759 1383 1798 Nicetae
1407 1758 1625 1809 Eugeniani
1663 1757 1883 1798 imitatione

151 1831 219 1880 111,
241 1825 456 1875 140—45
476 1827 718 1880 perhibetur,
739 1826 966 1878 praeplacet
995 1826 1112 1874 mihi3
1147 1839 1229 1866 non
1264 1825 1369 1866 enim
1399 1831 1489 1878 apte
1512 1825 1692 1865 Julianus
1722 1837 1806 1864 rem
1831 1825 1885 1865 ita

150 1898 274 1950 fingit,
291 1902 337 1938 ut
353 1897 439 1948 ipse
452 1896 639 1935 Amorem
659 1893 862 1945 agnoverit
879 1894 1133 1945 agnitumque
1147 1893 1293 1945 poculo
1319 1893 1509 1946 injecerit,
1531 1905 1622 1932 cum
1642 1906 1719 1945 qua
1744 1904 1884 1932 caussa

153 1970 287 2006 motus
311 1963 428 2004 suerit
446 1962 693 2010 nesciamus3
717 1960 869 2000 sciebat
889 1961 993 2001 enim
1014 1966 1130 2012 poeta
1155 1960 1249 2012 quid
1275 1961 1366 2000 inde
1391 1961 1571 2000 oriretur.
1613 1960 1759 2000 Contra
1780 1960 1885 2011 apud

154 2033 333 2074 Nicetam
361 2031 570 2079 Amorem,
610 2028 679 2082 qui
709 2028 845 2068 culicis
885 2028 1010 2068 instar
1046 2028 1088 2067 in
1118 2028 1306 2080 poculum
1336 2027 1569 2080 irrepserat,
1604 2027 1753 2067 inscius
1788 2026 1887 2066 bibit

155 2105 295 2153 poeta,
313 2098 464 2138 bibisse
483 2109 526 2136 se
551 2108 642 2136 eum
667 2108 713 2134 ex
735 2095 900 2135 internis
921 2095 1052 2134 sentit,

246 2165 356 2223 ⁴Huc
380 2177 539 2217 quoque
564 2162 733 2216 pertinet
756 2162 863 2214 quod
887 2162 1002 2213 vulgo
1028 2161 1269 2201 adscribitur
1300 2162 1514 2201 Theocrito
1540 2161 1698 2214 idyllion
1724 2158 1781 2211 λ’,
1817 2161 1887 2201 sed

156 2247 179 2275 a
200 2233 405 2274 Wartonio
432 2232 561 2284 primo
582 2235 666 2270 tum
689 2229 738 2269 ah
763 2229 948 2269 omnibus
972 2229 1053 2268 sere
1070 2229 1287 2268 editoribus
1312 2229 1414 2269 inter
1426 2229 1698 2269 Anacreontea
1721 2229 1887 2268 relatum

157 2307 230 2342 est.
254 2299 500 2341 InAdonidis
520 2297 649 2338 fabula
671 2301 861 2345 versatur,
894 2308 995 2348 quae
1010 2296 1232 2348 posteriore
1248 2302 1439 2348 tempore,
1466 2308 1557 2336 cum
1573 2296 1738 2335 deorum
1758 2296 1887 2335 cultus

156 2368 363 2409 exoriente
387 2372 491 2407 terra
513 2365 659 2418 petitus
676 2363 826 2403 sensim
856 2375 946 2402 cum
967 2374 1106 2413 graeco
1129 2362 1379 2412 coalesceret,
1402 2364 1570 2403 maxime
1588 2363 1838 2403 excolebatur
1853 2367 1892 2402 et

157 2436 198 2476 in
221 2433 490 2475 monumentis
515 2430 804 2484 sepulcralibus
834 2430 1107 2470 Romanorum
1134 2430 1393 2482 effingebatur
1416 2430 1659 2470 cs.Welcker
1681 2431 1724 2469 in
1749 2429 1890 2469 Annali

159 2502 220 2542 del
255 2500 377 2541 instit.
410 2500 450 2539 di
481 2512 584 2539 corr.
617 2497 796 2539 archeol.
830 2503 858 2537 t.
883 2497 925 2546 V,
957 2510 998 2549 p.
1026 2494 1130 2546 1553
1170 2498 1240 2537 sed
1270 2497 1382 2537 facile
1415 2503 1498 2537 tum
1523 2498 1683 2537 demum
1708 2496 1888 2537 odarium

158 2582 247 2609 esse
272 2567 538 2620 compositum
571 2570 756 2619 apparet,
788 2577 897 2604 >cum
935 2565 1104 2615 genuina
1138 2564 1286 2614 sabula,
1322 2565 1542 2604 secundum
1578 2577 1696 2617 quam
1731 2576 1826 2616 aper
1850 2563 1890 2602 in

156 2635 364 2676 venatione
387 2634 561 2674 irritatus
584 2633 644 2673 vel
667 2632 771 2671 Mars
808 2644 946 2671 amore
969 2631 1130 2671 Veneris
1163 2633 1335 2683 flagrans
1367 2631 1452 2684 apri
1477 2632 1603 2671 forma
1626 2631 1762 2670 induta
1783 2630 1891 2670 Ado-

158 2703 251 2743 uida
285 2716 308 2743 a
331 2702 481 2742 Venere
515 2700 700 2740 dilectum
734 2711 872 2748 morsu
904 2698 1119 2747 interfecit,
1155 2699 1272 2738 nimis
1298 2704 1404 2739 esset
1427 2698 1518 2738 trita
1542 2710 1725 2750 novaque
1749 2697 1893 2736 inferre

159 2770 363 2811 studerent
389 2774 426 2809 et
446 2773 588 2821 poetae
613 2772 652 2806 et
675 2766 866 2819 pictores.
922 2765 1013 2805 Non
1034 2765 1117 2818 jam
1140 2765 1273 2806 obruit
1295 2766 1452 2806 venanti
1474 2765 1647 2805 Adonidi
1673 2777 1788 2816 aper,
1812 2775 1894 2803 non

160 2837 219 2877 ira
241 2841 281 2876 et
303 2836 395 2876 odio
416 2835 583 2887 agitatus
621 2846 711 2874 eum
748 2833 956 2881 dilacerat3
988 2832 1058 2872 sed
1079 2845 1216 2872 amore
1247 2834 1420 2885 flagrans
1444 2833 1624 2884 adspicit,
1660 2831 1892 2883 adspectum

163 2903 308 2944 hasiari
331 2903 482 2951 studet,
505 2901 696 2942 basiando
723 2900 921 2940 interficit.
973 2900 1169 2947 Quantam
1194 2900 1267 2940 vim
1294 2906 1471 2940 exerceat
1502 2899 1541 2938 in
1565 2899 1703 2939 bestiis
1729 2897 1895 2937 maxime

1581 2964 1626 2995 6·
