1910 3268
903 121 957 164 61

71 246 200 289 Ambo
229 245 404 297 exempla
426 244 474 284 ad
494 244 609 284 Asiae
631 257 755 294 oram,
783 246 831 285 ad
858 247 1008 286 Ioniam
1032 247 1250 299 pertinent,
1281 246 1445 287 alterum
1476 259 1519 285 ex
1551 246 1691 286 sabulis
1724 247 1793 285 de-

73 318 248 354 sumtum
269 318 342 361 est,
364 312 529 351 alterum
551 318 690 364 poetae
710 326 867 365 quoque
888 319 1014 353 aetate
1034 314 1173 354 evenit.
1198 312 1431 361 Quare‘hon
1454 314 1619 353 moleste
1643 313 1796 353 tulerim

17 427 19 430 f
72 380 180 433 quod
200 384 459 432 opponuntur
484 377 521 418 οἱ
538 377 613 430 μὲν
630 376 984 433 Ἄττιν-λέγουσιν
1002 381 1225 431 ἐκμανῆναι
1250 386 1288 420 et
1308 380 1344 420 οἱ
1365 377 1670 432 δὲ’-μεμηνότες
1687 383 1799 430 βοῶ-

73 461 150 496 σιν,
174 447 352 500 quamvis
378 452 481 487 totae
502 447 812 496 enunciationes,
835 460 916 486 non
941 448 1115 488 dicentes
1141 454 1179 487 et
1199 449 1370 488 furentes
1393 453 1664 500 opponantur3
1692 447 1798 499 quod

76 514 322 566 Peerlkamp.
345 514 513 567 conjecit
547 536 601 542 —
629 515 806 564 βοῶντες
840 513 1006 554 θέουσιν
1041 514 1264 565 ἐκμανῆναι
1298 516 1346 554 ad
1388 514 1631 567 Corybantas
1675 519 1799 553 totum

79 581 465 643 reseren53minime
491 581 758 621 necessarium
790 587 851 621 est
869 594 996 634 neque
1022 582 1117 622 satis
1139 588 1289 634 aptum.
1322 582 1483 633 Wolper
1512 582 1728 633 fragmenta
1760 582 1800 620 in

78 649 157 690 hoc
196 648 370 689 carmine
411 648 658 700 suspicatur,
709 648 800 700 quia
833 648 950 688 nimis
992 649 1159 702 abrupta
1187 649 1238 689 sit
1277 649 1402 688 oratio
1439 649 1509 688 sed
1548 654 1655 688 recte
1685 654 1724 688 et
1757 661 1801 687 ex

80 716 335 768 stropharum
367 715 520 755 ratione
558 715 739 754 refutavit
771 715 1077 756 Wiedemannus
1107 730 1148 768 p.
1179 713 1248 765 20,
1293 715 1360 767 qui
1388 728 1548 755 carmen
1588 715 1802 766 genuinum

82 795 170 823 esse
197 787 332 822 censet
355 787 394 821 et
412 781 603 821 sententia
628 782 713 834 ipsa
734 782 915 822 absoluta
937 788 1016 831 est3
1047 796 1161 823 amor
1179 783 1283 823 enim
1303 788 1342 822 et
1364 788 1483 834 potus
1508 782 1601 834 quid
1622 783 1671 822 ad
1691 783 1802 822 furo-

6 879 12 883 *
81 860 166 890 rem
185 849 431 889 excitandum
458 849 641 897 valerent,
667 849 852 901 exemplis
875 850 1217 902 comprobandum
1242 855 1337 896 erat,
1363 849 1481 902 idque
1501 850 1661 889 sactum.
1707 849 1802 889 Ver-

83 928 152 957 sus
178 916 327 969 optime
350 916 501 965 fluunt,
530 915 684 955 ionicae
715 916 867 956 dialecti
892 917 1041 957 formae
1065 916 1211 969 ubique
1233 915 1460 956 observatae
1485 921 1592 956 sunt.

197 983 372 1023 Alterum
414 983 448 1022 si
490 983 799 1035 pervestigamus
842 996 1001 1023 carmen
1043 983 1284 1023 tricesimum
1331 984 1504 1035 primum
1546 983 1630 1036 (M
1647 980 1729 1037 η’),
1766 985 1806 1023 in

83 1051 310 1091 universum
343 1050 500 1102 quidem
534 1063 675 1101 magna
707 1050 840 1090 levitas
875 1056 991 1103 atque
1017 1055 1202 1090 venustas
1227 1056 1408 1103 apparet,
1444 1063 1579 1090 versus
1604 1051 1807 1103 purissimi

85 1124 191 1167 sunt,
216 1118 427 1171 repetitum
443 1118 537 1157 illud
550 1116 660 1157 θέλω
678 1116 791 1157 θέλω
806 1120 996 1170 μανῆναι,
1018 1117 1123 1170 quod
1141 1118 1305 1157 alterum
1324 1131 1482 1157 carmen
1502 1118 1656 1166 claudit,
1681 1119 1810 1171 placet

84 1183 332 1238 repetitione.
390 1186 478 1225 Duo
516 1185 784 1237 exemplorum
821 1185 929 1237 paria
960 1185 1076 1225 nobis
1114 1191 1416 1238 proponuntur3
1458 1185 1506 1225 ab
1545 1185 1664 1224 altera
1698 1191 1809 1237 parte

5 1280 9 1283 ⁴
83 1258 189 1294 stant
211 1252 424 1292 Alcmaeon
451 1258 489 1292 et
514 1253 692 1300 Orestes,
731 1252 797 1304 qui
827 1258 993 1304 propter
1022 1252 1158 1292 matris
1191 1252 1349 1292 caedem
1382 1252 1581 1301 furebant,
1614 1252 1663 1291 ab
1689 1253 1806 1292 altera

82 1319 270 1361 Hercules
295 1324 334 1359 et
353 1319 465 1372 Ajax,
497 1319 640 1372 quibus
668 1331 712 1359 ex
743 1318 844 1368 telis,
868 1331 969 1371 quae
1002 1319 1202 1371 gerebant,
1228 1319 1381 1358 furendi
1409 1332 1549 1359 caussa
1570 1325 1702 1359 exorta
1728 1325 1809 1368 est3

83 1387 180 1429 alter
203 1387 307 1427 enim
333 1399 468 1427 arcum
487 1386 675 1438 gestabat,
711 1398 828 1438 quem
853 1385 902 1426 ab
921 1386 1068 1439 Euryto
1098 1398 1188 1426 cum
1217 1380 1432 1439 recepisset
1457 1386 1632 1439 Iphitus,
1657 1387 1809 1427 Hercu-

79 1455 136 1495 les
173 1468 220 1495 eo
255 1454 437 1507 spoliavit
469 1454 759 1506 spoliatumque
795 1453 955 1500 occidit,
995 1454 1092 1494 alter
1123 1459 1253 1493 autem
1286 1454 1391 1506 quod
1419 1453 1467 1492 ab
1503 1451 1670 1493 Hectore
1703 1455 1808 1493 dono

81 1527 288 1574 acceperat
325 1522 515 1572 gladium,
559 1521 593 1560 ei
625 1521 812 1574 quidquid
848 1521 999 1560 adversi
1024 1533 1239 1574 perpessus
1279 1520 1330 1560 sit
1364 1520 1569 1572 imputavit
1603 1522 1650 1560 cs.
1684 1521 1807 1573 Soph.

80 1586 229 1642 Aj.661
252 1602 362 1642 squ.:

143 1656 145 1659 ’
410 1654 487 1707 ἐγὼ
509 1654 587 1709 γὰρ
613 1655 654 1703 ἐξ
680 1647 730 1694 οὗ
749 1655 853 1707 χειρὶ
878 1658 976 1695 τοῦτ
998 1651 1214 1706 ’ἐδεξάμην

408 1724 492 1777 παῤ
509 1719 702 1776 Ἕκτορος
728 1719 902 1776 δώρημα
928 1718 1250 1775 ὁυσμενεστάτου

410 1788 524 1830 οὔπω
550 1807 588 1831 τι
613 1788 753 1831 κεδνὸν
778 1789 898 1842 ἔσχον
918 1787 1106 1844 Ἀργείων
1130 1787 1256 1841 πάρα,

83 1858 222 1899 eodem
252 1863 392 1910 postea
427 1871 471 1898 sc
497 1858 706 1898 transfodit
732 1859 779 1898 cs.
806 1871 840 1898 v.
866 1854 963 1898 817.
1026 1858 1109 1898 Alia
1142 1858 1258 1910 plane
1289 1858 1430 1897 harum
1462 1857 1683 1898 fabularum
1710 1860 1810 1899 ratio

0 1913 15 1954 ῨῘ
84 1930 144 1965 est
161 1930 278 1978 atque
295 1925 335 1965 in
356 1925 478 1966 altero
501 1925 696 1966 carmine:
722 1925 969 1965 atrocissima
990 1938 1170 1978 quaeque
1190 1925 1366 1977 exempla
1386 1932 1668 1977 proponuntur
1687 1939 1811 1979 eaque

87 1993 297 2045 tragoediis
331 1993 498 2033 maxime
529 1992 693 2032 usitata:
733 1993 969 2041 Alcmaeon,
1003 1992 1265 2041 Eumenides,
1304 1992 1491 2031 Hercules
1525 1993 1682 2042 furens,
1718 1994 1812 2046 Ajax

0 2058 33 2115 ζ’,
86 2051 232 2101 ¹urens.
292 2060 350 2099 Ad
375 2059 616 2111 tragoediam
641 2059 859 2111 respexisse
889 2065 1047 2110 poetam
1062 2071 1119 2111 *ex
1148 2058 1321 2110 epitheto
1347 2055 1568 2107 λευκόπους
1592 2061 1720 2100 Oresti
1740 2061 1810 2099 ad-

86 2127 167 2168 dito
202 2127 474 2167 demonstrare
503 2127 739 2166 studuerunt
768 2125 838 2165 viri
864 2126 989 2165 docti:
1023 2125 1235 2165 Barnesius
1261 2126 1419 2178 quidem
1446 2127 1723 2167 discalceatum
1746 2141 1812 2167 ex-

84 2194 231 2235 istimat
265 2194 316 2234 ob
353 2194 547 2234 insaniam
582 2199 620 2233 et
660 2194 766 2246 quod
800 2193 898 2232 albis
937 2193 1141 2232 cothurnis
1176 2198 1357 2243 ageretur
1387 2194 1536 2233 Orestis
1566 2207 1738 2246 persona
1772 2195 1811 2233 in

46 2306 52 2309 ,
88 2261 319 2314 tragoediis,
353 2261 424 2300 sed
448 2274 622 2314 quonam
652 2260 878 2300 testimonio
909 2260 1056 2300 nitatur
1083 2272 1164 2299 non
1198 2260 1238 2299 in
1268 2260 1441 2300 medium
1471 2262 1641 2313 profert:
1675 2262 1816 2301 Baxter

88 2328 136 2368 de
159 2329 307 2382 pulcris
331 2328 499 2381 pedihus
524 2327 732 2377 intellexit,
767 2327 951 2380 Hesychii
981 2327 1070 2366 loco
1098 2327 1229 2376 nisus,
1266 2327 1332 2379 qui
1356 2327 1454 2367 haec
1477 2327 1613 2368 habet:
1640 2326 1816 2381 ἀργυρό-

93 2397 190 2446 πεζα
225 2392 446 2443 λευκόπους
479 2394 577 2444 πέζα
610 2393 689 2448 γὰρ
715 2391 736 2434 ὃ
770 2396 873 2442 ποῦς
903 2393 971 2433 καὶ
1004 2394 1241 2442 καλλίπουςς
1273 2399 1385 2434 atne
1409 2395 1627 2447 Hesychius
1657 2396 1813 2448 quidem

90 2460 311 2509 λευκόπους
338 2469 376 2503 et
400 2462 621 2510 καλλίπους
646 2462 762 2514 plane
786 2462 890 2501 idem
911 2474 998 2501 esse
1023 2462 1128 2509 dicit,
1162 2462 1230 2501 sed
1258 2467 1469 2513 utrumque
1499 2462 1540 2501 in
1565 2460 1816 2515 ἀργυρόπεζα

19 2560 36 2576 -,
93 2531 223 2571 inesse
256 2543 377 2583 posse
409 2530 502 2570 vult.
546 2531 692 2570 Nostro
723 2529 813 2568 loco
850 2528 1022 2580 ineptius
1059 2529 1272 2581 quidquam
1311 2529 1387 2568 dici
1422 2542 1542 2581 posse
1576 2530 1624 2569 de
1664 2531 1816 2569 furente

91 2599 230 2638 Oreste
261 2610 379 2650 quam
405 2597 553 2649 pulcris
585 2595 753 2648 pedibus
790 2596 845 2635 uti
879 2608 969 2635 eum
1000 2608 1082 2634 non
1107 2602 1229 2648 put03
1260 2596 1515 2635 nihilominus
1541 2597 1736 2636 Schrader
1767 2597 1816 2636 ad

93 2665 193 2706 Mus.
225 2678 265 2717 p.
299 2661 382 2705 127
406 2664 467 2704 ed.
502 2663 654 2703 Schaef.
688 2662 757 2702 ubi
793 2662 840 2702 de
874 2661 989 2701 nudis
1025 2662 1193 2714 pedibus
1224 2662 1264 2701 in
1299 2662 1422 2702 sacris
1459 2662 1611 2702 usitatis
1648 2664 1815 2712 disserit,

93 2731 246 2773 Baxteri
289 2730 523 2771 sententiam
560 2730 796 2770 tutissimam
831 2741 919 2768 csse
958 2730 1186 2781 profitetur,
1218 2735 1354 2769 contra
1384 2730 1630 2782 Peerlkamp.
1662 2744 1702 2782 p.
1737 2727 1819 2770 176

94 2821 150 2827 --—
162 2795 243 2839 187
267 2798 316 2838 ad
335 2798 481 2850 pedum
502 2797 739 2837 celeritatem
761 2796 910 2837 Orestis
935 2795 1064 2836 Furiis
1090 2796 1373 2848 circumagitati
1398 2797 1645 2837 referendum
1672 2803 1817 2841 censet,

100 2865 167 2905 sed
189 2862 327 2919 ἀργὸς,
358 2877 439 2904 non
473 2862 613 2911 λευκὸς
648 2863 849 2916 explicavit
878 2869 993 2915 atque
1023 2863 1130 2915 quod
1148 2861 1398 2911 Λευκοθέας
1422 2863 1599 2915 exemplo
1625 2876 1720 2902 usus
1746 2869 1817 2909 est,

27 2944 34 2961 -1
98 2944 238 2972 novam
270 2932 385 2984 plane
415 2945 579 2983 eamque
603 2931 738 2971 salsam
760 2930 1035 2982 etymologiam
1060 2931 1234 2981 protulit.
1296 2930 1457 2970 Plurimi
1476 2931 1708 2980 interpretes
1734 2929 1818 2980 epi—
