1910 3268
965 143 993 185 4

121 270 340 311 carminum
364 270 515 310 ratione
538 275 726 311 versatur.
787 269 889 319 Quid
913 274 1044 311 autem
1075 269 1132 309 vel
1163 269 1458 322 diligentissima
1489 284 1627 313 eorum
1651 285 1838 326 perscru-

121 337 212 378 tatio
248 338 364 378 nobis
397 338 581 391 prodest,
616 337 693 377 nisi
725 336 962 393 habeamus,
997 350 1076 390 quo
1101 344 1287 391 tanquam
1312 339 1431 378 modo
1466 344 1582 392 atque
1616 341 1748 392 regula
1782 341 1843 382 uti

119 405 352 459 possimus?
412 406 541 454 Quare
576 410 667 445 ante
701 405 833 444 omnia
857 405 1115 445 Anacreontis
1139 405 1285 458 ipsius,
1318 405 1444 458 qualis
1469 411 1508 446 et
1530 419 1551 446 a
1577 408 1838 461 scriptoribus

118 473 375 526 perhibeatur
398 478 435 512 et
459 486 503 512 ex
526 472 663 525 paucis
682 471 861 523 genuinis
887 472 1113 524 fragmentis
1139 472 1302 522 eluceat,
1326 473 1536 524 imaginem
1553 474 1669 514 nobis
1686 488 1838 528 propo-

118 554 259 581 namus
285 553 448 580 necesse
472 545 550 589 est,
578 552 659 579 non
683 540 736 580 ita
761 539 919 592 quidem
943 544 988 579 ut
1011 553 1110 592 quae
1127 553 1254 593 usque
1278 541 1327 580 ad
1352 541 1523 582 taedium
1543 541 1730 594 repetitae
1747 547 1842 584 sunt

118 622 163 648 ex
197 609 281 661 ejus
316 608 391 647 vita
426 607 752 656 narratiunculae,
777 612 964 659 repetam,
990 608 1059 647 sed
1084 620 1184 660 quae
1208 608 1421 661 scripserit,
1447 608 1540 660 quid
1565 609 1839 659 decantaverit,

118 676 211 728 quid
240 675 455 728 judicarint
476 680 625 715 veteres
651 675 699 714 de
723 674 877 727 poetica
903 674 986 727 ejus
1011 680 1163 725 natura,
1191 677 1392 728 quomodo
1419 676 1546 716 verbis
1572 677 1838 729 proposuerit,

117 756 217 796 quae
243 744 327 796 ejus
352 742 468 782 fuerit
489 743 651 783 metrica
677 742 797 791 ratio,
823 755 923 795 quae
947 742 1153 792 dialectus‚
1190 743 1390 796 quomodo
1417 744 1713 784 enunciationes
1740 757 1838 784 con-

112 810 295 863 junxerit,
322 816 511 863 quantum
536 810 620 850 fieri
644 815 777 863 potest
800 810 1000 862 explicem.
1059 811 1263 851 Praeclare
1289 812 1446 863 quidem
1464 811 1654 863 Bergkius
1678 811 1719 851 in
1736 811 1837 852 Pro-

115 879 258 930 legom.
284 879 331 918 de
351 878 412 918 his
433 877 553 917 rebus
575 878 797 930 disputavit,
822 883 954 918 tamen
973 890 1055 917 non
1076 883 1226 918 certum
1248 879 1456 931 quemdam
1479 879 1656 919 ordinem
1679 885 1839 920 secutus

116 951 186 995 ost,
213 953 257 987 ut
277 946 387 986 facile
412 946 674 998 complectare
694 945 867 997 singulas
894 958 970 994 reS,
997 946 1104 997 quod
1128 946 1218 998 jure
1249 946 1284 985 ei
1313 946 1528 999 opprobrio
1552 947 1643 987 fecit
1661 947 1841 988 Welcker

116 1015 231 1054 Gens.
256 1014 357 1054 Mus.
381 1013 506 1053 Rhen.
531 1013 597 1061 ΙΙΙ,
625 1010 662 1062 1,
687 1026 727 1065 p.
754 1010 848 1062 128,
873 1026 1021 1065 neque,
1053 1013 1160 1065 quod
1185 1012 1233 1053 ab
1260 1015 1344 1066 ejus
1370 1014 1535 1054 consilio
1560 1014 1730 1054 alienum
1755 1014 1839 1063 ruit,

115 1082 164 1122 ad
188 1082 458 1122 Anacreontea
484 1080 656 1121 carmina
681 1081 863 1132 respexit.

229 1149 411 1189 Secundo
447 1148 536 1188 loco
571 1148 772 1200 quomodo
797 1148 1055 1188 Anacreontis
1083 1147 1256 1188 carmina
1281 1148 1386 1200 apud
1410 1153 1557 1188 veteres
1582 1149 1721 1189 tradita
1746 1149 1838 1198 sint,

114 1217 207 1269 quid
242 1216 525 1257 elaboraverint
558 1216 800 1267 grammatici
833 1217 874 1256 in
907 1216 977 1266 iis,
1022 1229 1122 1269 quae
1155 1215 1396 1256 imitatorum
1427 1215 1587 1267 vestigia
1610 1222 1838 1269 appareant,

113 1284 390 1336 investigemus
426 1297 589 1324 necesse
620 1288 691 1323 est.
749 1283 945 1324 Lubricus
971 1296 1066 1325 sane
1089 1283 1202 1323 locus
1227 1288 1297 1332 est,
1333 1283 1402 1323 ubi
1426 1283 1474 1323 de
1498 1283 1715 1324 imitatione
1737 1297 1837 1337 poe-

114 1358 242 1392 tarum
277 1357 321 1392 ut
355 1352 596 1392 Graecorum
630 1351 684 1391 ita
717 1350 950 1391 Latinorum
985 1351 1207 1403 disputetur
1247 1363 1376 1403 neque
1416 1350 1579 1391 forsitan
1613 1351 1654 1392 in
1688 1352 1761 1392 alia
1794 1365 1839 1392 re

114 1425 318 1472 tantopere
351 1419 532 1459 hariolati
566 1418 646 1458 sint
677 1418 748 1458 viri
784 1418 908 1467 docti,
945 1431 1035 1459 cum
1070 1418 1259 1472 quidquid
1292 1419 1340 1459 de
1374 1418 1510 1459 eadem
1545 1424 1613 1459 aut
1644 1419 1761 1459 simili
1794 1432 1838 1459 re

112 1492 262 1538 ageret,
298 1486 450 1527 etiamsi
481 1487 522 1526 in
545 1486 674 1526 verbis
698 1485 796 1539 ipsis
820 1499 870 1525 ne
894 1486 1056 1526 minima
1081 1486 1238 1539 quidem
1263 1485 1412 1527 inesset
1435 1485 1662 1535 similitudo,
1689 1498 1835 1538 conge-

111 1560 244 1594 rerent
284 1559 548 1607 congestaque
590 1566 664 1607 pro
704 1553 990 1594 imitationibus
1031 1553 1286 1593 venditarent.
1365 1553 1496 1601 Quare
1531 1553 1682 1593 cautius
1717 1566 1837 1606 quam

112 1622 273 1662 uberius
307 1622 355 1662 de
389 1623 464 1662 hac
498 1635 541 1662 re
574 1621 770 1673 agendum
805 1626 877 1661 est.
935 1621 1062 1674 Atque
1095 1621 1258 1660 minime
1290 1620 1635 1673 praetermittenda
1660 1625 1721 1661 est
1744 1634 1835 1662 cum

112 1690 294 1729 codicum
318 1689 520 1742 ipsorum,
557 1702 578 1728 e
612 1688 756 1741 quibus
782 1689 956 1728 carmina
979 1688 1043 1728 illa
1068 1701 1252 1741 expressa
1276 1693 1382 1737 sunt,
1419 1687 1600 1727 condicio
1626 1692 1709 1727 tum
1735 1700 1834 1728 con-

111 1757 241 1797 silium
277 1762 394 1809 atque
429 1757 487 1797 via
530 1769 649 1809 quam
684 1756 821 1796 Const.
856 1755 1046 1808 Cephalas
1082 1755 1123 1795 in
1167 1755 1382 1807 colligenda
1415 1754 1651 1806 Anthologia
1695 1767 1834 1807 graeca

110 1829 270 1864 secutus
295 1824 358 1863 sit.
418 1823 571 1873 Quibus
595 1824 765 1876 peractis
786 1823 868 1876 jam
892 1823 952 1863 via
972 1822 1021 1863 ad
1047 1823 1220 1864 carmina
1245 1822 1394 1874 singula
1422 1822 1705 1863 consideranda
1731 1822 1835 1875 diju-

111 1891 353 1943 dicandaque
378 1892 528 1932 munita
553 1897 624 1931 est.
