1910 3268
930 141 1033 183 84·

92 281 184 320 seris
210 293 340 328 amor,
366 291 590 331 proponere
611 279 691 318 vult
714 284 850 331 poeta,
881 291 1002 330 quare
1026 279 1066 318 in
1093 278 1219 318 media
1247 278 1416 329 imagine
1440 278 1602 330 ponitur
1627 275 1743 332 ape'r,
1769 279 1819 320 ab

94 347 307 388 Ammibus
333 348 536 395 deductus,
564 346 697 386 t1m1de
711 343 945 399 plecedens,
972 346 1006 385 ei
1031 345 1193 385 obviam
1206 351 1265 386 est
1279 347 1409 386 Venus
1435 347 1644 399 increpans
1664 346 1840 397 verbim?

93 415 283 454 Adonidis
320 427 469 470 empus
501 413 743 466 plospicitui
772 413 812 453 in
843 413 1024 471 imaginis
1062 419 1232 453 extrema
1266 419 1389 465 parte.
1450 415 1580 462 Quare
1614 413 1655 453 in
1697 413 1823 454 odarii

94 482 205 522 initio
231 481 397 521 maxime
419 481 576 520 festinat
596 485 732 532 poeta,
758 494 853 520 num
878 481 1007 520 Venus
1036 481 1101 520 diu
1128 481 1361 533 quaesiverit
1385 486 1571 530 amatum,
1598 493 1695 533 quas
1721 492 1819 533 que-

81 550 194 589 ·1elas
219 549 259 588 in
286 547 538 600 adspiciendo
564 547 753 587 Adonidis
781 561 949 600 cor·p01e
982 548 1213 600 profuderit,
1246 561 1328 588 non
1364 553 1537 598 enarrat3
1570 548 1667 588 nihil
1698 552 1821 596 curat,

94 616 171 656 nisi
206 621 250 654 ut
285 627 379 667 aper
403 627 519 666 quam
552 614 753 654 celerrime
785 614 824 654 in
849 628 1008 656 scenam
1030 617 1207 668 prodeat.
1249 615 1514 655 Nihilominus
1539 614 1819 668 vituperandus

93 688 153 722 est
175 687 304 735 poeta,
336 682 441 734 quod
460 679 540 739 ,τὸν
561 673 583 719 ἶ
589 696 608 720 ν
632 682 744 734 quasi
769 688 907 722 notum
935 683 1149 732 induxerit,
1179 696 1268 723 cum
1294 683 1335 722 in
1360 682 1681 737 antecedentibus
1716 681 1822 732 nulla

96 751 179 802 ejus
215 749 448 800 significatio
479 749 594 798 insit,
627 763 708 789 non
744 750 847 790 enim
881 751 1049 790 vulneris
1084 751 1124 790 in
1161 751 1310 790 femore
1338 751 1579 790 mentionem
1602 749 1822 798 sacit‚-sed

96 816 264 856 crinium
289 822 327 856 el.
351 829 537 867 genarum
564 817 809 869 pallidarum,
837 831 882 858 ex
902 818 1044 871 quibus
1071 819 1118 858 de
1138 818 1410 858 intersectione
1434 816 1530 857 nihil
1556 817 1748 870 sequitur.

208 884 253 923 In
278 883 362 936 apri
392 896 587 936 responso
624 884 726 924 inest
760 899 918 938 queque
953 887 1059 938 quod
1094 886 1285 934 offendat,
1323 898 1374 925 V.·
1394 881 1450 925 28
1484 885 1607 925 enim:
1647 882 1733 924 ἀλλ’
1767 880 1823 930 ὥς

97 949 242 1004 ἄγαλμ’
269 951 437 1001 ἐσεῖδον,
461 952 540 991 sive
565 952 659 991 illud
685 948 740 998 ὡς
764 949 930 1004 ἄγαλμα
955 954 1004 992 ad
1028 966 1167 1005 aprum
1190 953 1310 992 refers
1325 985 1334 1002 ,
1357 953 1423 1005 qui
1453 952 1494 991 in
1519 952 1696 992 Adonide
1721 964 1823 991 con·

100 1019 306 1072 spiciendo
330 1019 478 1059 defixus
507 1020 763 1059 simulacrum
785 1021 897 1072 quasi
922 1020 1046 1060 sactus
1074 1025 1144 1068 est,
1172 1020 1251 1059 sive
1277 1020 1383 1072 quod
1407 1020 1503 1059 mihi
1528 1019 1828 1075 praeferendum

95 1087 267 1135 videtur,
306 1086 353 1126 ad
388 1086 586 1135 Adonida,
631 1087 698 1138 qui
732 1087 985 1139 requiescens
1021 1086 1232 1127 simulacro
1271 1087 1332 1126 dei
1360 1092 1431 1131 ,aut
1462 1086 1594 1126 herois
1625 1086 1828 1139 praeclaro

96 1154 234 1194 similis
260 1160 342 1193 erat
358 1151 450 1203 (nos
468 1166 625 1205 quoque
641 1154 807 1194 dicimus
834 1153 1090 1203 „bildscho'n“
1102 1154 1156 1194 de
1169 1167 1211 1193 re
1224 1152 1507 1206 pulcherrima)
1523 1167 1613 1194 cum
1629 1145 1837 1206 sequenti:'

98 1222 164 1261 καὶ
187 1219 245 1272 μὴ
268 1219 404 1273 φέρων
428 1218 474 1260 τὸ
501 1223 637 1272 καῦμα
664 1234 745 1261 non
771 1227 852 1261 arte
878 1223 1083 1270 cohaeret,
1120 1235 1202 1261 non
1236 1222 1382 1261 interni
1409 1221 1513 1261 enim
1538 1221 1641 1262 illius
1659 1219 1824 1276 caloris,

98 1289 167 1330 sed
189 1287 458 1329 admirationis
484 1288 607 1327 solius
634 1289 781 1328 mentio
808 1290 910 1330 sacta
935 1295 1006 1329 est.
1056 1290 1142 1330 Duo
1173 1290 1365 1342 postremi
1393 1302 1535 1341 versus⁴
1556 1289 1673 1342 plane
1703 1286 1827 1340 inepti

97 1361 209 1405 sunt3
235 1356 407 1408 primum
434 1355 538 1395 enim
563 1356 656 1407 quid
681 1355 761 1395 sibi'
773 1356 902 1406 velint,
926 1370 1007 1397 non
1023 1363 1206 1409 apparet,
1232 1357 1391 1409 quinam
1408 1356 1511 1397 enim
1528 1362 1623 1396 sunt
1645 1352 1845 1407 οἷ’Ἑρω-.

99 1439 173 1473 τες,
201 1436 300 1476 quos
326 1423 405 1462 urit
429 1422 553 1475 aper?
577 1423 692 1462 iidem
707 1437 794 1463 esse
814 1436 895 1463 non
916 1430 1087 1477 possunt
1111 1430 1226 1476 atque
1246 1424 1312 1477 qui
1332 1423 1373 1463 in
1397 1429 1480 1464 toto
1507 1420 1680 1464 carmine
1703 1423 1808 1470 Vene
1827 1448 1830 1452 ι

99 1491 152 1531 ris
187 1490 321 1531 famuli
354 1496 728 1531 commemorantur.
773 1492 846 1531 Alii
876 1487 1265 1544 (Ιθηῐεςὲρωτικούς
1298 1491 1537 1543 intelligunt,
1579 1491 1643 1531 alii
1682 1502 1828 1543 corpus

100 1563 226 1598 totum
252 1558 299 1598 ab
320 1571 453 1598 amore
473 1564 712 1611 correptum.
739 1559 843 1599 Nihil
857 1564 987 1599 autem
1002 1550 1172 1612 ineptius
1189 1572 1307 1611 quam
1319 1559 1480 1598 eosdem
1495 1564 1533 1599 et
1557 1559 1652 1599 deos
1668 1562 1828 1610 agentes

96 1626 283 1665 inducere
309 1631 346 1665 et
361 1625 499 1665 iisdem
522 1626 727 1677 allegorice
751 1639 824 1679 pro
845 1640 888 1667 re
911 1627 1027 1679 plane
1052 1628 1202 1667 diversa
1217 1632 1286 1667 uti.
1313 1627 1417 1675 Quin
1433 1639 1569 1666 versus
1590 1638 1826 1679 supervaca-

96 1694 159 1734 nei
187 1699 298 1742 sunt3
324 1707 430 1745 aper,
458 1689 521 1734 cui
546 1694 675 1734 Venus
699 1694 878 1744 indulsit,
901 1708 982 1734 non
997 1695 1080 1748 jam
1106 1700 1287 1735 naturam
1309 1707 1422 1734 suam
1443 1699 1603 1734 secutus
1628 1693 1669 1733 in
1689 1693 1825 1733 silvam

97 1762 208 1810 redit,
235 1761 304 1800 sed
318 1761 517 1812 mitigatus
533 1761 722 1801 Venerem
746 1762 978 1811 comitatur,
1003 1763 1101 1802 haec
1126 1762 1271 1802 amoris
1286 1762 1342 1802 vis
1368 1767 1439 1801 est.
1484 1762 1573 1802 Jam
1596 1761 1827 1814 imperfecto

97 1828 342 1880 significatur
372 1841 453 1867 non
489 1829 537 1868 de
562 1842 604 1869 re
638 1830 759 1869 semel
782 1830 883 1870 facta
917 1830 986 1869 sed
1011 1830 1059 1868 de
1081 1829 1181 1869 vitae
1204 1829 1490 1869 consuetudine
1520 1829 1628 1881 loqui
1654 1833 1826 1882 poetam.

105 1896 265 1936 Accedit
288 1895 394 1948 quod
418 1895 460 1934 in
482 1896 618 1935 codice
643 1897 814 1948 quodam
847 1902 974 1936 vetere
1009 1897 1151 1938 desunt
1176 1896 1217 1935 hi
1248 1909 1385 1936 versus
1418 1897 1467 1936 cf.
1489 1896 1630 1937 Kiessl.
1667 1897 1715 1937 ad
1735 1896 1775 1936 h.
1801 1896 1827 1936 l.

101 1965 232 2012 Quare
258 1962 422 2002 carmini
448 1968 486 2002 et
510 1963 586 2015 ipsi
611 1963 758 2003 novitio
786 1964 924 2004 adsuta
958 1964 1138 2004 videntur
1163 1977 1184 2004 a
1209 1969 1326 2016 poeta
1351 1964 1475 2015 magis
1499 1963 1696 2017 imperito.
1743 1964 1827 2004 Me-

100 2037 205 2071 trum
224 2043 306 2069 non
334 2030 508 2079 offendit,
532 2031 601 2069 sed
619 2030 652 2070 si
678 2031 886 2072 dialectum
913 2036 1090 2084 spectas,
1117 2031 1266 2070 formae
1290 2031 1448 2071 doricae
1471 2031 1612 2071 ionicis
1637 2031 1830 2072 admixtae

99 2103 213 2138 sunt:
239 2110 274 2137 v,
301 2094 346 2136 3:
369 2095 543 2149 στυγνὰν
561 2098 721 2149 χαίταν.
766 2096 818 2144 4;
838 2095 988 2151 ὠχράν.
1037 2095 1085 2139 8:
1108 2096 1223 2138 ὕλαν.
1262 2095 1336 2138 17:
1352 2095 1587 2151 Ἀφροδίτα.
1612 2096 1690 2140 43:
1710 2096 1837 2139 ‘iilam'

99 2162 175 2204 31:
205 2165 389 2216 ᾳιλᾶσαι.
421 2161 469 2205 6:
500 2162 592 2211 τώς.
629 2163 707 2207 25;
735 2162 860 2212 τώςδε
886 2164 966 2212 τὼς
990 2163 1186 2218 κυναγιύς.
1208 2163 1285 2207 42:
1311 2165 1414 2205 τῶδε
1439 2170 1531 2205 etv.
1559 2163 1604 2206 1:
1631 2162 1826 2220 Κυθήρη.

100 2228 174 2272 16:
202 2226 419 2283 Κυθήρην.
457 2229 530 2272 14;
557 2237 675 2272 τοῖσι.
722 2231 795 2274 30:
822 2230 1026 2274 τὸνεὸν.
1074 2231 1150 2273 26:
1178 2247 1262 2274 σευ.
1288 2230 1365 2274 33:
1385 2247 1475 2284 μευ.
1525 2234 1635 2282 Quae
1660 2246 1751 2274 cum
1775 2233 1828 2273 ita

92 2298 202 2347 sint,
239 2305 346 2338 certo
372 2311 454 2338 non
479 2305 569 2340 ante
593 2306 776 2352 quaitum
811 2306 878 2341 aut
912 2301 1093 2353 quintum
1126 2314 1166 2354 p.
1189 2301 1279 2341 Chr.
1311 2313 1350 2341 n.
1384 2301 1562 2340 seculum
1598 2301 1827 2354 ponendum

101 2371 161 2405 est
182 2365 516 2419 oda1ium,quod
542 2368 653 2408 facile
678 2369 897 2408 secundum
921 2369 1180 2420 epigramma,
1204 2368 1316 2421 cujus
1341 2373 1505 2408 natuiae
1529 2373 1610 2408 tota
1636 2367 1828 2408 sententia

101 2433 219 2485 plane
244 2434 471 2485 respondet,
497 2435 756 2487 pangebatur.

213 2499 303 2538 Non
328 2500 376 2539 ab
402 2513 444 2539 ie
470 2502 597 2553 egisse
620 2502 773 2551 videar,
802 2503 835 2542 si
859 2503 937 2542 hoc
957 2503 1047 2542 loco
1074 2502 1254 2542 odarium
1278 2502 1472 2542 eroticum
1496 2502 1669 2543 inseram
1688 2515 1711 2542 a
1731 2501 1828 2542 Cra-

100 2579 209 2608 mero
230 2566 376 2606 Anecd.
399 2569 522 2609 Paris.
561 2570 629 2618 IV,
652 2583 691 2622 p.
714 2565 798 2609 380
828 2570 957 2621 primo
990 2569 1159 2618 editum,
1191 2574 1275 2608 tum
1307 2568 1356 2608 ab
1388 2569 1614 2609 Hermanno
1649 2569 1753 2622 Epit.
1789 2569 1827 2609 d.
1871 2621 1902 2627 >A

99 2640 212 2676 metr.
234 2650 274 2688 p.
299 2633 381 2675 174
411 2649 498 2687 squ.
521 2636 581 2675 ed.
618 2637 665 2676 ΙΙ.
690 2641 727 2675 et
746 2637 915 2687 Bergkio
951 2637 1042 2688 Lyr.
1067 2637 1132 2676 Gr.
1163 2650 1203 2690 p.
1229 2633 1312 2676 759
1346 2649 1433 2688 squ.
1455 2636 1686 2688 repetitum,
1722 2636 1829 2689 quod

102 2704 324 2743 secundum
349 2703 461 2744 metri
486 2704 692 2752 rationem,
720 2704 767 2742 de
791 2717 867 2756 qua
888 2716 1009 2756 supra
1030 2693 1336 2755 disputavimus,
1365 2716 1446 2742 non
1468 2708 1558 2742 ante
1590 2708 1830 2743 sextum-aut

107 2770 321 2822 septimum
346 2783 386 2822 p.
406 2770 496 2809 Chr.
518 2783 557 2809 n.
581 2771 759 2810 seculum
781 2771 1045 2823 compositum
1073 2783 1160 2810 esse
1185 2775 1366 2823 apparet3
1386 2770 1642 2824 nihilominus
1665 2775 1703 2810 et
1721 2770 1827 2810 Ana-

101 2841 378 2876 creonteorum
399 2836 619 2888 idylliorum
645 2843 824 2877 naturam
847 2850 892 2877 ac
917 2837 1207 2890 simplicitatem
1239 2838 1355 2890 plane
1381 2837 1532 2884 redolet
1558 2842 1596 2876 et
1625 2836 1827 2890 quomodo

101 2917 122 2943 a
153 2904 441 2956 posterioribus
473 2903 836 2943 Anacreonteorum
881 2905 1008 2956 poetis
1044 2905 1222 2957 priorum
1262 2904 1418 2944 inventa
1457 2903 1612 2956 poetica
1655 2903 1828 2944 adhibita

100 2972 180 3010 sint
205 2971 387 3010 declarat.
420 2971 703 3021 Argumentum
730 2971 806 3009 hoc
828 2977 907 3010 est:
931 2971 1059 3010 medio
1082 2971 1120 3010 in
1147 2971 1264 3010 ssuvio
1288 2971 1482 3023 conspicit
1506 2975 1622 3023 poeta
1642 2970 1828 3010 Amorem
