1910 3268
1770 913 1798 938 Ι»

209 1019 320 1080 Cum
350 1038 456 1091 apud
482 1039 654 1078 Graecos
682 1037 753 1077 tria
785 1037 953 1078 maxime
974 1048 1063 1076 vere
1093 1035 1235 1088 lyricae
1264 1048 1454 1088 poeseos,
1486 1046 1587 1087 quae
1617 1033 1694 1073 nisi
1724 1044 1832 1073 cumr·
1856 1052 1876 1084 ᾗ

93 1112 211 1147 cantu
233 1111 274 1146 et
295 1106 447 1145 musica
473 1107 686 1159 conjuncta
712 1105 874 1156 cogitari
898 1117 979 1144 non
1004 1109 1158 1156 potest,
1196 1102 1443 1142 inveniantur
1467 1114 1622 1153 genera,
1646 1113 1815 1154 quorum
1902 1131 1910 1137 ,.

92 1173 267 1227 primum
291 1173 341 1213 ad
364 1172 568 1226 publicum
593 1172 711 1212 divini
735 1173 910 1212 numinis
935 1171 1083 1212 cultum
1108 1182 1420 1222 communesque
1442 1168 1580 1222 populi
1603 1169 1818 1208 conciones

94 1251 187 1280 cum
210 1253 259 1281 eo
284 1239 517 1292 conjunctas
548 1246 701 1292 spectat
724 1246 764 1280 et
786 1246 913 1279 totum
947 1239 987 1279 in
1022 1238 1266 1279 celebrandis
1292 1237 1365 1277 diis
1389 1235 1715 1289 hominibusque,
1752 1236 1817 1289 qui

93 1307 236 1348 vii-uite
259 1306 490 1347 excellentes
515 1307 565 1346 ad
596 1307 766 1347 divinam
793 1306 990 1359 quandam
1016 1305 1289 1346 auctoritatem
1316 1309 1597 1356 pervenerunt,
1630 1309 1819 1351 versatur,

93 1373 315 1415 secundum
339 1385 361 1413 e
384 1373 574 1425 singulari
598 1374 756 1426 quidem
781 1374 946 1427 alicujus
971 1386 1091 1413 sensu
1116 1372 1327 1420 enascitur,
1352 1377 1484 1411 tamen
1508 1369 1627 1410 rebus
1651 1360 1824 1422 publicis*

94 1440 394 1482 considerandis
433 1441 750 1494 castigandisque
787 1441 956 1481 maxime
995 1441 1177 1490 inservit,
1222 1438 1380 1480 tertium
1420 1437 1567 1477 intimis
1602 1444 1646 1477 ut
1680 1443 1822 1489 poetae

94 1508 242 1560 ingenii
274 1508 327 1548 ita
360 1508 503 1548 domus
539 1508 714 1560 privatae
747 1508 860 1561 quasi
894 1508 1018 1561 adytis
1053 1508 1300 1555 continetur,
1343 1506 1442 1545 haec
1475 1505 1549 1544 tria
1582 1504 1824 1557 respondere

95 1575 222 1616 tribus
246 1575 321 1615 illis
347 1575 587 1615 Graecorum
620 1575 822 1627 gentibus,
853 1575 1133 1624 Doriensibus,
1164 1574 1347 1622 Ionibus,
1378 1571 1637 1612 Aeolensibus
1663 1578 1703 1612 et
1723 1584 1823 1624 poc-

96 1649 225 1683 tarum
258 1642 423 1683 historia
457 1649 496 1683 et
527 1643 709 1683 universa
751 1642 926 1695 gentium
960 1642 1092 1682 indole
1132 1642 1403 1682 confirmatur.
1477 1640 1536 1679 Ex
1573 1638 1845 1692 paucissimis⁶

95 1716 229 1750 autem
261 1710 474 1763 lyricorum
510 1710 752 1750 Graecorum
784 1709 980 1762 reliquiis,
1025 1722 1126 1762 quae
1157 1708 1408 1749 saeculorum
1438 1706 1661 1747 barbariem
1690 1718 1823 1746 sacer-

97 1777 314 1830 dotumque
337 1777 519 1818 ardorem
544 1778 782 1829 effugerunt,
815 1777 1008 1830 plurimae
1032 1782 1100 1816 aut
1122 1776 1275 1816 Doricis
1299 1775 1454 1829 hymnis
1479 1774 1735 1827 epiniciisque
1759 1779 1827 1813 aut

98 1844 241 1886 Ionum
261 1845 380 1897 elegis
399 1845 719 1885 annumerandae
745 1851 850 1894 sunt,
876 1858 923 1884 ex
941 1844 1099 1884 Aeolica
1123 1844 1213 1893 fide,
1239 1856 1340 1895 quae
1365 1849 1447 1883 tota
1473 1841 1642 1882 sonabat
1670 1853 1825 1881 amores

97 1918 168 1953 aut
189 1913 337 1953 festivis
362 1912 752 1952 commissationihus
779 1910 982 1961 intererat,
1017 1911 1148 1951 nullus
1178 1912 1258 1951 sere
1281 1924 1404 1951 sonus
1439 1910 1487 1950 ad
1511 1921 1586 1950 nos
1611 1907 1827 1961 penetravit

99 1980 178 2021 nisi
200 1979 464 2020 imitatoribus
488 1980 677 2020 Romanis
700 1978 1003 2032 perferentibus.

209 2047 329 2100 Atqui
361 2061 441 2101 quo
475 2047 601 2099 magis
626 2047 783 2086 Aeolica
818 2046 991 2086 carmina
1017 2052 1056 2087 et
1085 2059 1107 2086 a
1138 2046 1303 2086 deorum
1328 2044 1453 2092 cultu,
1489 2044 1556 2096 qui
1590 2042 1688 2083 alius
1722 2042 1827 2094 apud

98 2114 221 2156 alium
250 2115 445 2167 populum
476 2115 536 2154 vel
569 2120 724 2166 gentem
758 2120 859 2162 erat,
893 2120 931 2153 et
963 2114 1194 2166 plerumque
1228 2126 1250 2152 a
1284 2124 1416 2152 rerum
1446 2109 1693 2164 publicarum
1728 2121 1826 2148 con-

100 2182 256 2222 dicione
278 2181 516 2221 recedebant
539 2187 699 2234 totaque
722 2181 763 2220 in
787 2180 907 2220 rebus
931 2181 1206 2229 versabantur,
1242 2179 1386 2232 quibus
1422 2177 1599 2218 omnium
1623 2176 1830 2216 hominum

100 2249 221 2290 animi
253 2261 449 2301 peraeque
480 2248 721 2297 afficiuntur,
757 2261 804 2288 eo
836 2248 987 2288 facilius
1014 2247 1334 2301 percipiebantur
1367 2244 1552 2286 omnibus
1583 2242 1828 2295 temporibus

100 2315 370 2369 imitandoque
411 2315 742 2368 exprimebantur.
812 2315 915 2364 Quid
955 2316 1073 2368 igitur
1105 2315 1270 2362 mirum,
1318 2313 1424 2366 quod
1459 2325 1503 2351 ex
1540 2325 1617 2363 quo
1653 2316 1830 2362 tempore

101 2383 387 2424 Anacreontica
413 2383 586 2423 carmina
611 2383 658 2422 H.
684 2382 874 2435 Stephani
900 2395 994 2422 cura
1020 2396 1055 2422 a.
1083 2379 1193 2422 1554
1223 2381 1455 2433 prodierunt
1485 2379 1526 2418 in
1550 2379 1697 2426 lucem,
1731 2390 1831 2429 quae

102 2451 138 2492 s'i
161 2463 245 2492 non
263 2450 421 2496 Aeolica
446 2451 611 2491 dialecto
638 2450 862 2502 conscripta
889 2455 1019 2489 tamen
1045 2449 1203 2489 easdem
1229 2461 1292 2487 res
1318 2448 1454 2487 eadem
1487 2446 1641 2485 ratione
1667 2450 1833 2484 tractare

103 2518 355 2566 videbantur,
390 2530 473 2557 non
507 2518 607 2557 alius
642 2519 721 2557 fere
746 2517 845 2557 liber
880 2523 987 2557 tanta
1011 2522 1070 2555 tot
1104 2515 1426 2554 doctissimorum
1460 2513 1667 2552 hominum
1703 2511 1832 2550 studia

106 2585 300 2634 excitarit,
332 2590 439 2624 tanta
463 2585 704 2637 populorum
730 2585 1012 2625 acclamatione
1036 2589 1151 2635 atque
1174 2581 1355 2622 laudibus
1381 2580 1601 2620 cumulatus
1626 2580 1689 2618 sit.

218 2652 336 2701 Quin,
361 2651 469 2703 quod
486 2651 535 2691 ad
552 2651 803 2703 popularium
822 2652 979 2703 quidem
1000 2656 1228 2689 nostrorum
1246 2649 1392 2687 litteras
1409 2647 1558 2695 attinet,
1583 2659 1655 2699 per
1670 2646 1829 2695 longum

107 2720 298 2772 temporis
323 2718 495 2771 spatium
520 2718 718 2766 omnibus,
746 2720 812 2771 qui
835 2719 994 2771 lyricam
1020 2718 1190 2770 palmam
1215 2715 1372 2767 assequi
1396 2714 1623 2761 studebant,
1659 2712 1831 2753 carmina

115 2786 190 2827 ista
223 2786 283 2826 vel
315 2785 555 2825 verbotenus
589 2786 839 2837 exprimenda
874 2784 1125 2833 videbantur,
1167 2796 1246 2835 quo
1281 2782 1405 2833 magis
1441 2781 1648 2820 ridiculum
1684 2779 1834 2830 cogitat*

110 2862 192 2893 non
214 2858 359 2906 potest,
386 2866 476 2892 cum
502 2866 643 2892 sensus
671 2854 749 2892 sere
773 2858 976 2905 poctarum
1010 2852 1175 2891 maxime
1200 2836 1428 2889 abhorreret
1451 2862 1471 2888 a
1498 2847 1714 2887 carminum
1741 2859 1832 2884 sen-

112 2920 244 2960 tentia.
312 2921 362 2960 At
394 2926 525 2960 utrum
564 2920 624 2960 illa
662 2921 846 2960 carmina·
874 2921 964 2972 jure
999 2918 1234 2958 Anacreonti
1268 2916 1557 2968 adjudicentur,
1603 2926 1717 2965 quem
1756 2918 1832 2951 tota

112 2987 326 3040 antiquitas
350 2988 388 3028 in
415 2987 503 3039 ipso
529 2987 669 3039 lyricae
695 2987 861 3028 maxime
885 2986 1065 3026 Aeolicae
1091 2997 1259 3037 poeseos
1286 2984 1382 3022 llore
1406 2982 1545 3021 vixisse
1555 2993 1615 3040 ,ac
1635 2990 1831 3018 summum

191 3055 194 3057 ’
908 3071 913 3076 .
929 3071 932 3074 ⁴
945 3050 979 3070 '‘s—
1528 3051 1537 3077 1

973 3091 999 3111 ‚—
1422 3091 1424 3093 ,

0 2501 21 2641 Ξ
