1910 3268
888 150 942 193 13

15 314 22 318 .
54 290 156 334 puer
178 290 271 320 cum
294 283 412 331 poeta
436 277 614 318 lascivire
641 288 722 316 non
749 276 841 317 vult.
910 276 1038 329 Atque
1065 288 1115 316 ne
1142 276 1216 316 diis
1236 275 1394 329 quidem
1415 277 1560 330 parcit,
1591 278 1637 318 fr.
1661 275 1714 318 13
1734 279 1774 318 in

53 347 220 401 Amores
247 345 445 386 invehitur
471 344 721 397 minaturque
747 357 791 384 se
816 356 898 384 non
925 344 1094 397 amplius
1124 344 1172 384 iis
1198 356 1358 385 carmen
1377 344 1668 394 dedicaturum,
1699 346 1775 385 nisi

52 417 228 457 amatmn
253 425 423 466 puemm
447 417 587 467 petant
609 411 775 463 sagittis.
796 435 852 440 —-
892 411 1034 453 Omnia
1060 411 1236 464 produnt
1255 412 1464 453 excitatum
1493 418 1635 465 poetae
1662 413 1773 464 inge-

51 481 182 530 nium,
210 480 345 520 omnia
373 469 553 520 redolent
580 484 824 520 commotum
850 479 993 519 Ionum
1017 479 1193 519 animum
1220 480 1477 533 conjunctum
1504 493 1594 520 cuni
1615 480 1775 520 Aeolico

39 547 203 597 calore,
238 547 337 588 nibil
363 547 587 588 communis
612 552 730 599 atque
756 547 904 596 usitati,
943 547 1040 587 nihil
1067 546 1148 586 ficti
1180 552 1296 599 atque
1328 547 1555 598 excogitati3
1596 547 1661 587 hie
1688 561 1777 588 vere

50 620 191 669 peonis
222 615 315 656 facit
341 620 515 668 poetam.
543 636 602 642 -
638 614 760 654 Plane
788 614 862 654 alia
891 619 952 654 est
977 614 1342 654 Anacreonteorum
1373 614 1486 654 ratio.
1545 615 1602 654 Ex
1628 616 1775 667 pueris,

50 695 154 737 quos
188 695 343 724 amasse
379 687 611 734 amatosque
646 681 887 721 carminibus
924 681 1144 720 celebrasse
1174 681 1317 721 dicitur
1345 682 1573 730 Anacreon,
1611 683 1775 735 Bathylli

50 750 175 791 sotius
205 749 356 790 mentio
381 749 426 788 fit
452 745 506 788 17
528 744 620 801 (y'),
650 745 717 788 15.
740 745 795 789 12
811 743 913 802 (θ’),
939 745 996 789 29
1018 744 1100 801 (ις’)
1123 761 1158 788 v.
1181 746 1225 797 1,
1253 745 1281 788 9
1303 745 1410 800 (ιὸ),
1432 747 1471 797 7,
1498 746 1552 788 21
1578 746 1687 803 (ιρ’),
1708 747 1776 791 10.

50 817 228 871 Cybebes
247 823 380 857 autem
399 817 558 869 quidam
578 813 634 855 54
655 811 755 868 (m')
779 820 1123 869 commemoratur,
1143 829 1260 868 quem
1281 815 1434 868 quoties
1454 822 1571 868 poeta
1585 817 1776 870 juvenum

51 884 208 927 choreis
227 897 272 925 se
290 884 524 924 miscentem
543 883 698 932 viderit,
724 882 886 935 juvenili
904 882 1036 934 vigore
1056 883 1253 936 impletur.

163 953 291 1005 Saepe
316 951 475 1005 quidem
504 950 770 1003 respiciuntur
796 950 836 989 in
858 950 1084 990 universum
1105 951 1218 1003 pueri
1236 949 1423 990 amabiles
1446 951 1494 991 cs.
1516 948 1570 991 18
1591 949 1678 1004 (δ’),
1701 950 1774 994 10:

52 1016 460 1076 amc-&upanfff
480 1015 509 1059 8
530 1015 627 1071 (λέ),
647 1016 695 1058 7;
724 1013 979 1070 ἁπαλώτεροι
997 1018 1179 1058 Λυαιόυ.
1198 1015 1253 1058 41
1276 1014 1387 1071 (λς’),
1410 1015 1483 1059 12;
1508 1014 1661 1060 ἁπαλοὶ
1682 1025 1778 1060 παῖ-

51 1087 133 1137 δες.
174 1084 234 1129 42
253 1083 355 1141 (μ’),
380 1084 431 1127 4:
467 1082 624 1141 ἐφήβου
655 1083 759 1138 μετὰ
783 1081 1010 1136 συμπότου.
1046 1082 1075 1125 6
1097 1082 1223 1136 (μα’),
1244 1082 1294 1126 8:
1331 1082 1583 1138 ἇβροχαίτας
1615 1091 1776 1142 κοῦρος.

51 1153 109 1198 39
129 1152 253 1210 (μοι’),
272 1151 350 1197 24;
378 1149 727 1209 θιάσῳ-κούρων.
766 1154 925 1195 Puellae
943 1166 1091 1194 nomen
1111 1166 1314 1206 nunquam
1334 1153 1451 1193 nobis
1473 1154 1630 1196 obvenit
1649 1169 1777 1210 neque

51 1224 215 1265 omnino
241 1228 347 1264 certa
372 1223 565 1276 quaedam
584 1221 826 1274 significatur
844 1221 920 1261 nisi
939 1218 996 1262 28
1018 1217 1119 1275 (ιε’),
1149 1221 1218 1261 ubi
1244 1227 1361 1274 poeta
1388 1219 1463 1273 τὴν
1491 1219 1594 1273 ἐμὶν
1614 1219 1779 1277 ἑταίρην

50 1292 160 1345 pingi
183 1291 319 1345 jubet,
357 1288 411 1331 13
444 1286 558 1343 (ια’),
586 1287 661 1330 11:
699 1289 909 1344 κυρωθεὶς
942 1288 1011 1328 καὶ
1040 1291 1115 1341 τῆς
1138 1288 1237 1340 ἐμῆς
1257 1284 1441 1342 ἑταίρης,
1468 1287 1526 1331 20
1546 1287 1670 1345 (κβ),
1702 1290 1777 1333 11:

42 1356 168 1414 'ydrae
192 1359 236 1400 in
254 1358 368 1411 cujus
387 1363 548 1407 vestem,
569 1357 741 1406 sandala,
769 1357 842 1397 alia
871 1363 1045 1397 mutetur
1074 1363 1183 1410 optat
1211 1364 1349 1411 poeta,
1380 1355 1436 1398 34
1456 1355 1568 1411 (μθ’)
1589 1359 1657 1399 ubi
1676 1359 1777 1400 Les-

50 1427 118 1469 bia
134 1427 199 1468 illa
218 1427 266 1466 fr.
287 1422 341 1466 15
362 1425 609 1477 intelligenda
628 1424 792 1464 videtur.
849 1424 894 1463 In
922 1426 1149 1465 universum
1170 1423 1212 1465 αἱ
1231 1431 1415 1479 ,γυναῖκες
1436 1424 1488 1466 11
1513 1422 1580 1479 (ς’)
1604 1428 1777 1467 afferun-

53 1501 136 1545 tur,
164 1494 272 1548 quod
291 1499 534 1534 senectutem
552 1497 694 1545 poetae
714 1491 929 1544 opprobrio
952 1493 1116 1542 saciant3
1146 1498 1339 1546 γυναῖκας
1367 1500 1410 1534 ut
1429 1495 1588 1534 coronis
1609 1495 1778 1547 vinoque

52 1564 283 1615 flagrantem
309 1566 451 1614 poetae
470 1560 645 1600 animum
673 1559 902 1610 refrigerent
920 1560 1170 1609 adhortatum
1200 1567 1298 1614 quot
1326 1562 1527 1602 amoribus
1553 1575 1626 1614 per
1651 1568 1777 1603 totum

52 1637 246 1671 terrarum
267 1628 405 1669 orbem
427 1634 617 1675 teneatur,
634 1627 808 1680 jocando
830 1633 1035 1667 enumerat
1053 1624 1110 1668 32
1128 1624 1227 1680 (η’);
1259 1629 1490 1670 mulieribus
1517 1630 1611 1682 quid
1637 1636 1776 1671 natura

51 1699 103 1740 ad
121 1696 384 1738 defendendas
403 1708 447 1736 se
464 1695 625 1743 dederit,
646 1694 883 1747 proponitur
905 1690 966 1733 κδ’
990 1692 1077 1747 (2);
1096 1692 1200 1745 μετὰ
1231 1694 1450 1750 παρθένιον
1477 1694 1648 1750 ἀθύρειν
1667 1711 1777 1738 som—

52 1766 184 1807 niatur
201 1777 246 1804 se
272 1768 390 1817 poeta
413 1758 541 1815 805)
563 1768 602 1801 et
619 1760 676 1803 42
698 1758 793 1814 (μ’).
833 1760 987 1809 παίζειν
1005 1785 1062 1790 ——
1085 1761 1189 1813 μετὰ
1210 1762 1277 1803 καὶ
1298 1766 1433 1804 καλῶν
1452 1766 1652 1818 γυναικῶν
1680 1766 1716 1805 ei
1735 1766 1775 1805 in

51 1833 184 1874 animo
210 1837 271 1872 est
293 1827 349 1872 41
373 1827 481 1883 (λς’),
511 1827 567 1871 23
592 1835 661 1870 aut
683 1830 737 1869 111
758 1830 804 1869 fr.
828 1825 933 1883 (23')
966 1826 1128 1883 ἁπαλὴν
1155 1829 1284 1871 παῖδα
1314 1830 1512 1884 κατίχεινς
1542 1831 1779 1884 νεοθηλὲσιν

51 1897 140 1952 ἅμα
160 1895 358 1954 κούραις-
363 1892 544 1951 χορεύειν
563 1898 728 1938 delectat
746 1903 927 1950 poetam3
956 1894 1083 1951 κούρα
1100 1895 1431 1953 χλιδανόσφυρος
1450 1901 1628 1954 thyrsum
1649 1901 1777 1941 serens

52 1968 103 2011 ad
124 1966 268 2008 barbiti
286 1979 431 2007 sonum
450 1971 540 2006 ante
567 1978 658 2006 eum
688 1965 804 2005 saltat
821 1962 850 2005 6
871 1962 1002 2019 (μα’);
1033 1966 1128 2019 quin
1151 1966 1238 2019 ipse
1261 1965 1365 2018 μετὰ
1391 1965 1541 2022 κούρης
1564 1965 1778 2019 βαθυκόλ-

51 2050 133 2076 που
161 2035 373 2076 saltaturus
413 2039 473 2074 est
505 2030 532 2072 5
568 2030 702 2086 (μιῆς
748 2028 897 2087 κούρην
931 2034 1132 2086 amplexus
1169 2034 1312 2087 Cyprin
1352 2035 1534 2077 decantat
1566 2033 1622 2076 39
1655 2032 1776 2089 (μη’).

19 2150 23 2154 ,
52 2103 154 2144 Cum
173 2116 220 2143 ex
233 2102 372 2155 paucis
395 2101 482 2151 illis,
504 2113 604 2154 quos
622 2101 817 2141 adamavit
834 2101 1052 2150 Anacreon,
1078 2101 1210 2153 pueris
1231 2107 1271 2142 et
1288 2103 1428 2155 puellis
1451 2103 1777 2144 innumerabilem

52 2183 179 2224 paene
203 2169 418 2210 amicarum
446 2174 562 2221 atque
586 2168 855 2209 ministrorum
880 2168 1041 2208 bibendi
1070 2169 1358 2210 multitudinem
1385 2171 1525 2211 factam
1546 2184 1654 2220 esse,
1687 2184 1777 2211 cum

53 2238 199 2279 fervido
224 2236 371 2277 amoris
392 2236 521 2276 calore
542 2241 822 2276 commutatam
843 2236 1018 2276 festivam
1039 2236 1237 2289 quandam
1264 2243 1380 2290 atque
1400 2238 1640 2290 petulantem
1660 2239 1776 2279 lasci-

53 2307 154 2348 viam
173 2305 374 2346 videamus
394 2317 494 2356 quae
513 2304 562 2344 ab
578 2304 686 2343 omni
704 2303 824 2344 animi
840 2309 952 2344 motu
972 2303 1096 2344 aliena
1116 2304 1212 2344 nihil
1233 2310 1384 2357 spectat
1403 2306 1479 2345 nisi
1498 2311 1543 2346 ut
1560 2306 1778 2346 levissimae

54 2372 257 2427 cupiditati
281 2371 515 2419 satisfaciat,
555 2371 649 2424 quid
682 2360 847 2419 mirere,
887 2371 921 2410 si
940 2371 1096 2412 Amoris
1123 2371 1225 2412 illius
1252 2373 1406 2425 juvenis
1434 2374 1482 2413 cl'.
1512 2374 1558 2413 fr.
1579 2374 1644 2413 XI.
1672 2373 1775 2422 loco,

53 2441 122 2494 qui
138 2441 181 2481 in
199 2439 365 2480 summis
384 2439 580 2479 montium
600 2439 870 2479 cacuminibus
893 2444 1079 2488 versatur,
1108 2440 1157 2479 cf.
1177 2440 1223 2480 fr.
1245 2440 1292 2488 Π,
1325 2440 1387 2480 cui
1408 2453 1546 2481 omnes
1566 2446 1706 2493 parent
1725 2441 1777 2480 dii

52 2507 314 2560 hominesque
338 2506 385 2545 fr.
405 2505 534 2554 LXIV,
565 2506 632 2558 qui
661 2519 906 2546 marcescere
935 2498 1027 2546 'facit
1054 2507 1262 2547 hominum
1292 2508 1445 2548 animos
1475 2509 1521 2548 fr.
1542 2509 1623 2557 CV,
1665 2509 1777 2560 cujus

53 2575 120 2616 tali
148 2580 242 2631 sunt
268 2573 397 2614 rabies
426 2579 542 2626 atque
580 2573 772 2613 clamores
801 2573 995 2621 bellicosi,
1043 2574 1111 2626 qui
1140 2575 1270 2615 securi
1297 2576 1473 2615 concutit
1506 2575 1682 2615 animum
1711 2581 1779 2615 aut

58 2655 253 2696 purpurea
272 2641 350 2694 pila
370 2641 419 2681 ad
438 2640 569 2681 lusum
586 2640 732 2690 invitat,
751 2641 869 2694 hujus
890 2642 1007 2693 igitur
1021 2641 1178 2682 Amoris
1196 2642 1286 2682 loco
1306 2643 1574 2695 conspicimus
1591 2642 1776 2695 pusillum

59 2710 163 2751 illum
190 2707 379 2763 (βρέφος)
409 2708 535 2748 imbre
566 2708 785 2757 madidum,
823 2714 977 2761 portam
1007 2709 1229 2762 pulsantem
1256 2711 1304 2750 cf.
1325 2708 1352 2750 3
1374 2705 1474 2763 (λα’)
1507 2715 1575 2751 aut
1603 2710 1778 2762 apiculae

59 2776 191 2818 aculeo
211 2776 361 2817 laesum
391 2781 506 2829 atque
536 2775 671 2816 dolore
701 2776 1011 2817 conclamantem
1029 2773 1088 2817 40
1106 2773 1202 2830 (zy')
1224 2784 1292 2817 aut
1311 2791 1331 2817 a
1352 2777 1475 2817 Musis
1505 2784 1662 2830 captum
1683 2777 1776 2816 Pul-

59 2843 316 2896 critudinique
343 2843 527 2883 traditum
558 2843 606 2882 cs.
637 2839 694 2883 30
723 2839 804 2895 (ω’)
837 2849 905 2884 aut
936 2844 1099 2897 plumbo
1130 2845 1289 2897 pulcros
1318 2845 1520 2898 pediculos
1547 2844 1776 2897 impeditum

0 2948 2 2950 ,
58 2907 115 2951 44
135 2907 239 2963 (αη’)
261 2916 330 2951 aut
357 2911 427 2951 alis
456 2910 643 2952 mollibus
675 2911 872 2951 afflantem
898 2909 926 2950 7
947 2907 1079 2963 (κθ’),
1117 2912 1211 2964 quin
1242 2918 1369 2952 totum
1400 2912 1535 2952 nidum
1566 2911 1776 2951 Amoribus

60 2978 260 3030 repletum,
281 2991 450 3031 quorum
470 2978 567 3018 alius
589 2978 708 3018 alium
730 2979 851 3019 nutrit
876 2977 930 3020 33
948 2976 1069 3029 (xe')?
1107 2980 1164 3019 Ne
1176 2986 1372 3032 pugnator
1390 2980 1451 3018 ille
1469 2979 1625 3031 quidem
1643 2979 1775 3021 Amor,
