1910 3268
929 63 1097 145 ‘51'

148 216 312 275 &monte
361 197 423 264 est
463 223 603 264 aliena.
634 249 642 256 ·
681 225 888 275 Ingeniose
938 226 1095 278 quidem
1143 227 1329 267 Welcker-
1365 241 1405 280 p.
1438 227 1530 269 ’271
1588 230 1792 271 Platonem
1838 232 1877 271 in

145 289 318 346 Phaedri
342 289 454 330 initio
477 303 518 343 p.
543 288 629 351 229
653 291 721 332 ubi
749 293 950 370 platanum
982 293 1214 334 altissimam
1243 293 1293 333 ad
1316 294 1473 336 llissum
1506 296 1700 347 vigentem
1724 298 1891 338 descri-

89 395 94 400 .
145 342 227 407 bit,
250 357 328 403 sub
352 370 429 410 qua
454 358 717 399 considerint:
757 359 842 399 ἐκεῖ
858 356 951 398 σκιά
983 357 1016 399 τ’
1039 359 1123 400 ἐστὶ
1157 360 1224 399 καὶ
1245 365 1404 412 πνεῦμα
1426 361 1592 414 μέτριόν
1612 362 1678 402 καὶ
1700 361 1782 403 πόα
1802 380 1878 404 κα-

145 416 393 473 δίζεσθαι
368 440 395 480 ῃ
424 423 496 465 ἐὰν
514 414 766 476 βουῖώμεθα
795 429 1116 477 κατακλιθῆναι,
1142 427 1191 468 ad
1209 427 1467 469 Anacreontis
1493 426 1652 470 carmen
1676 432 1875 484 repexisse

137 491 334 545 conjecit,
367 492 437 532 sed
459 506 533 545 pro
560 498 666 532 certo
691 494 877 533 affirmari
901 507 983 533 non
1007 500 1152 551 potest.

254 558 446 600 Amorum
469 559 757 599 multitudo
794 560 951 600 duobus
987 562 1228 602 carminibus
1262 575 1349 602 sese
1374 560 1657 615 excipientibus
1683 566 1870 606 decanta-

116 616 210 679 μῑιιι·
241 626 306 667 od.
340 623 398 668 32
418 622 590 679 ’(ιγ’)ἰ3ῑ
620 624 675 666 33
709 625 815 679 (κε’).
875 629 920 668 In
953 628 1075 668 altero
1110 629 1270 668 nonnisi
1303 641 1395 669 cum
1436 629 1625 670 arborum
1658 632 1768 672 ‘foliis
1805 639 1873 673 aut

230 693 238 701 “
284 705 403 733 arena
436 693 658 749 comparari
687 707 808 745 posse
831 693 1022 734 Amorum
1053 695 1343 735 multitudinem
1369 709 1459 736 cum
1484 697 1715 748 significarit
1738 705 1868 752 poeta,

53 749 73 817 A*
120 704 270 881 ξς
290 766 516 809 enumerat,
559 760 600 799 in
624 760 768 812 quibus
793 766 942 801 amatas
967 761 1111 802 habeat
1134 762 1303 814 puellas3
1338 762 1377 801 in
1402 763 1525 804 altero
1550 766 1734 806 Amorem
1761 779 1868 807 sem-

221 840 339 868 rnum
361 827 438 868 sibi
462 826 641 867 nidulum
665 827 705 866 in
741 834 903 880 pectore
935 828 1061 880 ipsius
1094 829 1329 868 exstruxisse
1364 831 1640 882 conqueritur,
1676 833 1774 873 alios
1818 834 1867 874 ab

136 894 225 939 aliis
247 890 389 935 nutriri
409 895 645 947 educat-ique
668 895 858 951 Amores3
893 895 1095 947 quomodo
1119 895 1239 948 pellat
1262 909 1353 945 eos,
1389 897 1505 949 plane
1530 898 1712 951 desperat
1734 907 1864 952 poeta.

137 953 356 1027 utrumque
381 974 539 1002 carmen
565 962 741 1014 quamvis
774 961 948 1014 lepidum
982 953 1117 1014 aperta
1148 962 1309 1002 serioris
1342 963 1479 1003 aetatis
1503 965 1669 1023 praebet
1691 965 1877 1019 vestigia:

45 1018 63 1042 ‘⁷'
98 1029 184 1079 3111
214 1029 442 1070 universum
478 1029 583 1069 enim
616 1029 681 1068 hic
713 1029 905 1069 Amorum
939 1029 1193 1081 parvulorum
1226 1030 1338 1070 lusus
1371 1031 1487 1083 plane
1521 1032 1569 1071 ab
1606 1033 1864 1074 Anacreontis

135 1101 263 1138 aetate
295 1096 493 1146 abhorret,
529 1109 656 1149 neque
687 1095 798 1148 prius
833 1101 871 1135 et
903 1096 943 1135 in
977 1096 1119 1149 poesin
1153 1103 1192 1136 et
1226 1096 1266 1136 in
1306 1097 1502 1150 pictorum
1539 1100 1864 1154 sculptorumque

134 1163 328 1217 imagines
352 1164 493 1204 invasit
526 1177 645 1217 quam
669 1163 858 1204 Romanis
886 1163 1204 1215 imperatoribus.
1259 1165 1314 1204 Ex
1338 1165 1404 1205 illo
1431 1170 1609 1218 tempore
1633 1167 1862 1209 innumera-

133 1231 232 1272 biles
248 1244 375 1285 paene
393 1228 580 1284 Ἐρώτων
599 1228 833 1280 παιζόντων,
858 1231 1023 1270 deorum
1035 1231 1243 1275 simulacra
1262 1233 1510 1284 rapientium,
1537 1233 1682 1274 bestias
1708 1235 1861 1275 demul-

118 1299 330 1351 ζθειιῑίιιιιι,
375 1298 771 1339 circumvolitantium
803 1299 968 1337 deorum
1001 1310 1141 1338 currus
1166 1299 1356 1350 imagines
1380 1301 1510 1340 adhuc
1535 1306 1688 1341 exstant
1711 1303 1759 1342 cl'.
1788 1303 1859 1343 Od.

27 1355 65 1415 ..5³¹
94 1392 98 1394 -
134 1360 264 1407 Unell.
287 1366 406 1406 Arch.
430 1379 470 1419 p.
497 1363 594 1406 588.
653 1366 798 1406 Contra
829 1378 1054 1418 quanquam
1079 1365 1128 1405 ab
1153 1366 1400 1406 Anacreonte
1424 1366 1512 1419 ipso
1537 1367 1670 1419 plures
1696 1369 1860 1410 Amores

108 1421 415 1487 proferuntur,
450 1439 581 1475 tamen
605 1445 765 1485 semper
796 1433 836 1472 in
862 1433 1078 1489 juventutis
1104 1433 1203 1477 flore
1227 1440 1344 1486 atque
1366 1434 1519 1486 vigore,
1554 1447 1635 1474 non
1669 1437 1861 1488 pueritiae

131 1500 294 1542 mollitie
325 1506 530 1553 apparent.
589 1501 725 1552 Neque
759 1501 875 1540 aliam
908 1500 1055 1543 effinxit
1084 1500 1243 1545 Amoris
1277 1501 1488 1553 imaginem
1522 1501 1755 1552 Praxiteles,
1793 1504 1860 1556 qui

130 1572 290 1608 centum
313 1568 394 1608 sere
417 1581 544 1608 annos
568 1573 662 1620 post
678 1567 968 1607 Anac1e0ntem
992 1567 1095 1608 vixit.
1136 1568 1181 1607 ln
1207 1569 1380 1608 carmine
1398 1568 1538 1608 XXXII
1555 1575 1718 1609 venuste
1741 1576 1858 1634 poeta

129 1647 213 1694 non
235 1635 352 1688 plane
374 1640 492 1687 negat
515 1635 704 1675 arborum
730 1635 890 1674 frondes
921 1640 990 1674 aut
1022 1647 1182 1675 arenam
1202 1633 1414 1675 numerari
1437 1648 1576 1687 posse,
1616 1637 1686 1676 sed
1720 1650 1793 1689 per
1824 1638 1860 1677 εἲ

130 1701 343 1744 zulemam
368 1702 643 1742 condicionem
667 1702 801 1754 ponit,
827 1714 927 1754 quae
951 1713 1046 1740 num
1073 1702 1217 1754 exple1i
1241 1702 1381 1754 possit,
1408 1715 1489 1742 non
1516 1709 1639 1743 curat.
1687 1704 1732 1743 In
1757 1717 1856 1745 enu-

127 1769 326 1811 merandis
361 1769 460 1809 locis
494 1769 586 1809 inde
619 1769 668 1809 ab
700 1764 884 1808 Athenis·
903 1767 952 1808 ad
988 1768 1252 1818 Corinthum,
1280 1768 1478 1818 Lesbum,
1514 1769 1651 1819 Ionas,
1689 1770 1855 1821 Cariam,

126 1837 332 1886 Rhodum,
358 1830 529 1889 Syriam,
556 1837 730 1885 Cretam,
752 1836 970 1888 Aegyptum
1004 1836 1275 1887 progreditur,
1302 1842 1386 1876 tum
1412 1841 1456 1876 ut
1480 1837 1612 1876 omnia
1638 1838 1854 1890 amplecta-

126 1909 214 1955 mr,
246 1916 349 1957 quae
373 1909 478 1943 extra
505 1904 689 1944 Gadiram
720 1908 788 1943 aut
821 1902 1016 1942 Bactriam
1051 1903 1250 1955 Indosque
1284 1903 1358 1943 sita
1391 1908 1507 1952 sunt,
1542 1905 1667 1944 affert.
1717 1906 1853 1954 Quan-

25 1987 48 2020 ‘3-
124 1980 244 2025 quam
267 1982 360 2013 cum
383 1970 431 2010 iis
457 1983 540 2010 non
564 1970 687 2019 facio,
731 1970 799 2022 qui
828 1970 932 2010 hanc
957 1970 1258 2022 geographicam
1283 1970 1489 2013 nominum
1516 1972 1851 2013 enumerationem

125 2039 242 2092 plane
264 2043 386 2091 poeta
411 2038 612 2090 indignam
638 2050 726 2077 esse
751 2042 914 2077 censent
938 2037 986 2075 cf.
1007 2037 1154 2088 Taneg.
1179 2037 1276 2077 Fab.
1304 2038 1343 2077 h.
1368 2038 1394 2078 1.
1420 2038 1583 2090 Wolper
1603 2052 1644 2091 p.
1665 2036 1733 2088 20,
1759 2052 1851 2080 nam

50 2096 61 2139 's
122 2105 263 2156 etsibi
286 2105 482 2158 placuisse
506 2105 686 2144 videntur
709 2109 849 2156 poetae
880 2102 1018 2142 Graeci
1043 2102 1083 2142 in
1107 2105 1384 2144 enumerandis
1413 2104 1512 2144 locis
1538 2106 1698 2146 nomina
1724 2119 1852 2160 neque

122 2173 220 2214 nihil
238 2172 315 2217 nisi
332 2172 492 2212 nomina
520 2176 642 2220 erant,
668 2171 738 2210 sed
762 2171 942 2210 locorum
967 2170 1157 2221 imagines
1180 2171 1399 2222 legentibus
1424 2172 1465 2211 in
1491 2178 1662 2212 mentem
1687 2186 1850 2214 revoca-

121 2239 240 2290 bant,
281 2245 412 2280 tamen
443 2239 563 2279 nimia
594 2250 851 2278 numerorum
883 2236 1095 2277 cumulatio
1124 2237 1278 2278 ridiculi
1308 2239 1402 2291 quid
1437 2239 1478 2278 in
1512 2252 1556 2279 se
1584 2239 1705 2279 habet
1724 2240 1852 2293 neque

51 2317 58 2321 ’
120 2307 407 2348 Anacreontem
426 2307 661 2346 Bactrorum
695 2305 963 2356 Indorumque
993 2304 1221 2344 meminisse
1250 2305 1568 2355 existimaverim,
1610 2319 1779 2359 quorum
1815 2308 1849 2348 si

39 2394 51 2417 1
119 2373 186 2415 illo
204 2379 383 2427 tempore
407 2374 484 2413 ulla
514 2374 616 2413 lama
643 2373 692 2412 ad
718 2372 890 2412 Graecos
914 2371 1152 2423 penetravit,
1193 2377 1324 2427 tamen
1345 2372 1512 2412 maxime
1537 2373 1708 2414 obscura
1732 2380 1849 2427 atque

55 2444 78 2477 λ’
119 2441 285 2481 confusa
307 2447 401 2481 erat.
446 2440 607 2480 Accedit
626 2440 733 2492 quod
758 2439 867 2479 elisio
892 2437 924 2476 κ’
944 2437 1100 2485 Ἰνδῶν,
1122 2451 1347 2491 quanquam
1372 2440 1418 2479 sr.
1447 2439 1610 2489 LXXII,
1633 2433 1670 2480 1‘.
1693 2438 1722 2481 2
1746 2440 1847 2481 κούκ

51 2502 66 2551 ’ζ’
117 2505 264 2549 οῖ”κοῦ
293 2507 566 2555 inveniuntur,
613 2511 652 2546 et
681 2506 831 2546 dativus
876 2501 1043 2546 πόλεσσι
1078 2517 1151 2557 pro
1183 2505 1313 2545 ionico
1346 2505 1524 2547 πολίεσσι
1557 2507 1710 2549 ionicae
1738 2508 1845 2549 Ana-

4 2585 6 2587 *
28 2565 68 2581 ”
106 2575 291 2616 'creontis
312 2575 477 2615 dialecto
501 2586 584 2613 non
605 2573 856 2613 conveniunt.
882 2604 885 2605 ν

35 2628 70 2683 ἶ,
228 2642 275 2682 Ιιι
296 2642 417 2682 altero
440 2641 613 2680 carmine
631 2640 882 2679 hirundinem
901 2639 1035 2679 laudat
1053 2645 1170 2691 poeta
1183 2671 1193 2687 ‚
1235 2640 1342 2691 quod
1362 2641 1573 2692 quotannis
1595 2642 1754 2683 veniens
1774 2642 1847 2695 per

32 2707 63 2763 [21
94 2713 303 2749 aestatem
337 2714 626 2756 commoretur,
665 2706 794 2746 hieme
824 2712 955 2746 autem
985 2706 1025 2745 in
1045 2706 1263 2758 Aegyptum
1298 2707 1448 2755 volitet;
1490 2714 1626 2748 contra
1657 2709 1844 2749 Amorem

96 2781 348 2828 >perpetuum
370 2775 547 2815 nidulum
567 2775 608 2814 in
632 2779 792 2827 pectore
826 2773 901 2813 sibi
932 2786 1113 2825 parasse,
1144 2773 1328 2825 parvulos
1359 2787 1518 2827 semper
1546 2776 1656 2816 nasci
1676 2776 1843 2816 Amores

31 2849 91 2901 ς’ν
116 2841 183 2896 qui
207 2853 298 2883 cum
329 2842 501 2894 primum
529 2841 666 2881 nutriti
700 2840 800 2889 sint,
842 2840 985 2880 iterum
1020 2840 1117 2879 alios
1150 2847 1384 2892 procreent3
1429 2842 1522 2894 quid
1553 2843 1727 2882 remedio
1754 2855 1843 2883 esse

116 2908 245 2961 possit
281 2909 433 2961 quaerit
470 2914 600 2960 poeta.
661 2909 748 2947 Duo
784 2908 910 2947 ultimi
941 2920 1077 2947 versus
1109 2908 1275 2948 maxime
1310 2915 1544 2949 vexaverunt
1586 2910 1841 2961 inte1·pretes;

1531 2980 1541 2994 ,
1559 2979 1570 2989 .
