1910 3268
950 150 1008 194 80

112 270 165 320 de
180 278 351 331 ,somnio
379 276 672 328 intelligendum
697 289 784 316 esse
809 289 989 326 oensem,
1026 283 1070 317 ut
1092 277 1214 318 multa
1239 278 1486 319 inveniantur
1505 279 1714 320 Petrarcae
1747 292 1835 320 car-

115 346 236 395 mina,
263 343 467 408 a‘llegorice
488 343 647 394 intelligi
671 343 754 383 vult
778 355 953 384 amorem
970 357 1061 384 snon
1086 345 1292 397 expletum.
1331 345 1539 387 Somnium
1565 347 1599 386 ei
1624 359 1836 387 concesse-

114 413 212 462 rim,
237 411 497 453 Anacreontis
533 420 620 449 esse
651 410 876 462 allegoriam
911 423 1016 460 non,
1043 411 1190 464 quippe
1225 425 1302 464 qua
1336 412 1433 452 nihil
1462 413 1707 464 languidius,
1743 413 1840 454 nihil

113 475 242 532 magis'
263 493 285 520 a
319 478 432 531 poesi
467 478 638 518 alienum
673 482 745 517 est.
789 477 883 517 Mihi
913 491 977 517 res
1007 478 1093 530 ipsa
1114 477 1232 518 nimis
1259 480 1435 531 quaesita
1467 480 1641 530 videtur3
1666 493 1839 534 quonam

50 593 56 600 ι
114 541 280 586 consilio
313 535 558 585 concurrerit
591 546 687 585 deus
723 557 814 584 cum
847 545 1008 585 homine
1042 559 1124 585 non
1159 551 1340 598 apparet3
1374 560 1419 587 ex
1447 560 1566 587 cursu
1599 548 1687 600 ipso
1727 561 1841 588 amor

85 607 88 610 ’
113 613 352 665 agnoscitur,
376 625 421 652 ex
446 612 739 652 difficultatibus
763 612 865 651 bene
891 611 1109 664 superatis3
1141 619 1396 665 comparatur
1428 614 1547 665 igitur
1575 615 1743 655 amantis
1763 615 1839 656 vita

43 669 51 676 ’
113 679 204 720 cum
236 692 368 720 cursu·
389 692 461 732 per
494 680 666 719 diversas
707 680 953 719 difficultates
996 679 1224 731 dirigendo3
1262 682 1344 733 jam
1382 681 1605 732 allegoriam
1646 682 1839 722 habemus

103 747 355 803 Schneideri.
405 748 535 795 Quare
555 759 781 799 quanquam
807 749 845 786 et
865 746 1067 786 dialectica
1093 752 1131 797 et
1156 748 1319 787 metrica
1342 748 1527 788 carminis
1552 749 1651 788 ratio
1673 749 1775 789 bene
1795 762 1838 789 se

110 814 271 862 hahent,
297 819 429 853 tamen
450 826 609 853 carmen
635 813 683 853 ab
708 813 957 853 Anacreonte
980 814 1097 866 plane
1122 814 1428 867 abjudicandum
1452 810 1616 856 videtur.

223 881 347 921 Simili
384 881 536 922 ratione
566 881 736 933 pedibus
769 886 961 920 certantes
997 881 1173 921 videmus
1208 887 1367 933 poetam
1399 895 1489 922 cum
1513 882 1658 923 Amore
1688 883 1728 923 in
1749 895 1837 924 car-

87 949 215 989 -mine
239 947 357 988 XLIV
383 944 483 1000 (κῆ)
518 948 587 987 sed
621 948 686 987 hic
710 953 827 1000 poeta
857 947 944 999 ipse
972 947 1069 987 nihil
1100 961 1188 988 esse
1219 948 1295 988 nisi
1320 949 1544 1000 allegoriam
1581 950 1838 1002 explicatione

109 1016 237 1056 addita
275 1015 469 1068 prodidit3
497 1015 653 1054 somnio
690 1020 833 1063 autem,
866 1014 971 1066 quod
1004 1028 1100 1055 sane
1133 1015 1322 1055 usitatum
1358 1021 1418 1055 est
1442 1016 1659 1056 seriorihus
1688 1018 1830 1070 poetis,

108 1096 193 1123 rem
217 1082 381 1123 vestivit.
431 1083 504 1122 Hic
528 1086 646 1134 poeta
666 1081 790 1121 alatus
815 1082 1056 1133 praecurrit3
1083 1082 1206 1121 Amor
1228 1087 1359 1122 autem
1382 1082 1546 1135 plumbo
1572 1084 1740 1136 pedibus
1771 1085 1831 1125 af-

107 1151 184 1190 fixo
209 1149 461 1202 persequitur
483 1153 796 1202 persecutusque
821 1161 911 1188 eum
942 1149 1110 1200 attingit.
1138 1149 1209 1189 Cui
1234 1162 1315 1190 non
1335 1163 1376 1189 1n
1401 1155 1573 1190 mentem
1599 1151 1703 1191 venit
1727 1152 1835 1193 clau-

107 1218 273 1259 dicantis
298 1229 463 1269 poenae,
491 1228 590 1268 quae
623 1215 846 1255 maleficum
878 1215 1031 1255 etiamsi
1061 1229 1149 1255 sero
1185 1216 1380 1268 attingat?
1412 1217 1461 1257 At
1495 1217 1682 1269 quidnam
1706 1217 1837 1259 inesse

108 1286 231 1326 voluit
249 1289 367 1338 poeta
392 1284 432 1322 in
458 1282 646 1323 somnio?
668 1283 1053 1335 Sese,posteaquam
1076 1284 1222 1324 multos
1244 1297 1399 1325 amores
1417 1285 1580 1325 feliciter
1598 1286 1731 1335 evasit,
1755 1299 1837 1326 uno

108 1352 301 1405 implicari
326 1350 403 1405 (τῳ
426 1349 469 1389 ὁὲ
502 1350 608 1390 enim
643 1363 734 1389 cum
759 1350 889 1389 Pawio
922 1356 961 1389 et
990 1350 1235 1391 Mehlhornio
1271 1351 1524 1391 scribendum
1555 1353 1719 1402 videtur,
1746 1365 1836 1393 cum

110 1420 204 1459 certi
231 1419 435 1471 cujusdam
469 1418 616 1457 amoris
650 1430 733 1457 non
757 1417 980 1456 meminerit
1012 1423 1128 1470 poeta
1164 1431 1292 1470 neque
1324 1418 1419 1458 satis
1456 1420 1664 1460 conveniat
1688 1420 1834 1472 allego-

105 1487 219 1538 riae).
263 1486 356 1525 Alae
381 1485 490 1525 alteri
515 1485 673 1533 affixae,
710 1484 820 1524 alteri
844 1484 1051 1536 plumbum
1077 1486 1278 1536 quomodo
1305 1486 1526 1536 significent
1548 1492 1708 1538 poetam
1731 1487 1836 1527 mul-

106 1560 168 1594 tos
203 1565 359 1594 amores
392 1552 662 1604 effugientem,
688 1552 806 1603 longa
832 1552 990 1591 demum
1027 1552 1343 1591 consideratione
1367 1552 1544 1592 instituta
1567 1553 1833 1605 intelligimus.

106 1622 222 1670 Quod
247 1620 516 1660 Mehlhornius
548 1619 666 1658 Anth.
691 1632 731 1671 p.
757 1616 813 1659 89
838 1618 1003 1670 plumbo
1029 1619 1155 1659 amori
1181 1620 1295 1659 affixo
1321 1619 1485 1659 firmiter
1508 1620 1719 1660 adhaerere
1743 1633 1834 1660 eum

105 1687 319 1740 significari
343 1687 507 1739 putavit,
533 1686 650 1738 plane
675 1686 722 1725 ab
750 1687 828 1725 hoc
861 1686 950 1725 loco
976 1686 1168 1735 alienum,
1196 1686 1263 1726 ubi
1291 1687 1467 1726 celeritas
1492 1687 1830 1740 fugientisoppo-

104 1756 211 1795 nitur
234 1753 406 1794 tarditati
436 1753 725 1805 persequentis.
772 1754 817 1792 In
841 1752 970 1792 verbis
997 1753 1094 1805 ipsis
1114 1753 1276 1804 vestigia
1301 1754 1492 1805 quaedam
1527 1754 1687 1794 serioris
1722 1760 1829 1796 aeta-

104 1822 153 1862 tis
177 1826 348 1861 exstant:
386 1816 661 1859 διολισθάνειν
686 1820 790 1859 enim
816 1819 976 1860 nonnisi
1012 1820 1220 1860 atticorum
1258 1826 1317 1860 est
1340 1821 1450 1860 Rost.
1480 1821 1546 1860 Gr.
1574 1821 1640 1861 Gr.
1665 1835 1705 1874 p.
1731 1818 1828 1872 258,

67 1878 71 1881 ”
105 1902 233 1942 neque
257 1884 453 1933 πόόισκος
477 1887 572 1926 alias
599 1887 813 1936 invenitur3
840 1887 1086 1927 accusativus
1124 1900 1212 1927 cum
1246 1887 1436 1927 infinitivo
1461 1885 1832 1938 με-διολισθάνειν

103 1957 202 1998 mire
241 1960 335 2008 post
369 1952 496 1993 δοκέω
527 1954 681 2006 positus
715 1959 775 1993 est
809 1954 894 1993 sine
917 1954 995 1993 ulla
1031 1955 1297 2006 oppositione.
1346 1955 1471 1994 Nemo
1497 1955 1616 2006 igitur
1647 1955 1696 1995 ab
1721 1955 1827 1996 Ana-

103 2028 262 2064 creonte
286 2022 374 2074 ipso
402 2033 560 2061 carmen
587 2026 718 2059 ortum
743 2020 831 2060 esse
856 2020 1101 2061 existimabit.

214 2090 272 2129 Ad
296 2087 726 2141 praeclaraeimaginis
751 2088 841 2127 Pitt.
870 2088 959 2127 Erc.
974 2088 1039 2136 ΙΙΙ,
1052 2086 1091 2128 7.
1120 2089 1166 2129 O.
1193 2088 1354 2127 Mueller
1376 2088 1494 2127 Arch.
1519 2102 1559 2140 p.
1585 2085 1680 2138 590,
1707 2101 1824 2141 quam

101 2156 311 2209 descripsit
336 2156 525 2195 Goethius
554 2155 748 2195 carmine:
776 2155 896 2203 „Wer
919 2155 1038 2208 kauft
1061 2154 1362 2207 L2·ebesqo·tter“,
1389 2156 1683 2196 similitudinem
1713 2168 1824 2196 com-

102 2224 276 2277 positum
307 2223 459 2262 videtur
491 2222 688 2261 decimum
723 2214 881 2270 carmen
918 2218 993 2274 (ι’),
1028 2222 1069 2261 in
1102 2235 1180 2274 quo
1212 2222 1367 2274 juvenis
1400 2223 1602 2262 Doriensis
1637 2223 1825 2263 Amorem

101 2304 280 2339 cereum,
325 2302 498 2341 quocum
523 2289 669 2331 diutius
694 2288 821 2328 vivere
845 2299 927 2328 non
957 2288 1064 2337 vult,
1110 2289 1243 2328 vendit
1262 2295 1423 2340 poetae,
1469 2289 1536 2341 qui
1560 2289 1698 2338 deum,
1748 2289 1825 2329 nisi

99 2358 230 2398 statim
258 2358 388 2409 ipsum
414 2356 643 2403 inflammet,
665 2356 749 2406 igni
773 2356 976 2403 admotum
1002 2355 1299 2407 liquefactarum
1321 2369 1363 2395 se
1389 2368 1476 2394 esse
1499 2356 1685 2396 minatur.
1721 2356 1822 2396 Sen-

100 2425 222 2466 tentia
247 2436 343 2465 sane
368 2428 531 2462 venusta
557 2427 673 2474 atque
693 2422 857 2474 simplex
883 2426 964 2470 est3
990 2421 1157 2461 Doricae
1182 2421 1335 2461 dialecti
1359 2435 1456 2462 usus
1475 2422 1591 2461 nobis
1616 2422 1761 2462 arridet
1784 2422 1824 2462 in

99 2505 145 2532 eo
166 2495 321 2544 Juvene,
349 2489 415 2542 qui
441 2490 488 2529 ab
514 2490 659 2529 Amore
693 2489 900 2538 abhorret3
931 2488 1187 2528 nihilominus
1221 2489 1353 2528 omnia
1383 2488 1582 2541 pertinent
1613 2490 1662 2530 ad
1696 2489 1824 2530 serio-

98 2572 180 2599 rem
201 2563 378 2606 aetatem,
405 2570 482 2608 qua
511 2556 753 2608 lepidissima
788 2556 1069 2608 epigrammata
1092 2555 1377 2608 pangebantur.
1422 2555 1600 2596 Primum
1626 2556 1731 2596 enim
1755 2567 1821 2596 ce-

96 2639 186 2666 reae
219 2630 370 2664 statuae
393 2620 489 2662 nu'm
513 2611 930 2670 Anacreontis'aetate
954 2622 994 2662 in
1027 2635 1116 2662 usu·
1134 2622 1290 2661 suerint.
1324 2622 1542 2675 quaeritur3
1571 2635 1683 2663 cerae
1718 2622 1824 2675 apud

100 2694 272 2733 Graecos
305 2691 346 2729 in
376 2689 613 2740 imaginibus
651 2689 880 2740 effingendis
908 2702 990 2729 non
1021 2702 1188 2740 magnus
1221 2689 1374 2729 videtur
1404 2690 1526 2739 fuisse
1559 2701 1656 2729 usus
1691 2701 1820 2741 neque

98 2759 174 2800 nisi
208 2759 257 2798 ad
287 2769 502 2809 puerorum
536 2755 647 2795 lusus
677 2757 916 2808 pertinuisse
947 2756 994 2796 cf.
1017 2756 1114 2796 Luc.
1137 2769 1266 2796 somn.
1293 2754 1333 2796 2.
1354 2756 1514 2801 Accedit
1534 2756 1639 2808 quod
1664 2756 1705 2795 in
1728 2755 1817 2808 ipso

100 2825 285 2866 Graeciae
309 2825 407 2863 flore
432 2828 583 2862 statuae
604 2823 767 2865 deorum
793 2824 833 2862 in
848 2823 1002 2874 templis
1025 2823 1183 2875 quidem
1202 2822 1538 2874 praeclarissimae
1554 2822 1816 2874 erigebantur,

98 2893 168 2933 sed
191 2892 433 2944 privatorum
463 2890 669 2929 hominum
698 2889 872 2929 aedificia
906 2889 954 2928 iis
986 2890 1190 2938 carebant3
1226 2894 1364 2941 postea
1389 2890 1550 2937 demum,
1573 2889 1719 2929 factum
1744 2895 1816 2939 est,

99 2966 141 3000 ut
165 2959 371 2999 simulacra
392 2956 1150 3008 inimmensumaugerenturomniaquc
1171 2955 1219 2994 iis
1242 2955 1509 3007 implerentur.
1532 2956 1635 2996 Tum
1657 2968 1816 2996 carmen
