1910 3268
0 1783 38 2547 wsssswwwfflffmw
19 1648 21 1650 .
11 1474 21 1518 -
0 1352 18 1455 ww*

963 136 1018 180 53

941 283 980 338 §-
1013 261 1061 325 ss

331 386 485 420 Carmina
516 387 549 419 in
578 387 699 429 quihus
727 386 772 419 ad
799 385 1046 429 compotandum
1075 385 1313 426 fruendumque
1338 385 1439 416 vitam
1464 383 1655 415 excitantur

836 442 1003 474 hominum
1033 441 1146 474 animi.

243 532 493 575 Carminibus
514 533 674 586 proprie
694 535 990 582 συμποσιακοῒς
1013 538 1091 571 tres
1122 531 1290 571 maxime
1315 530 1533 570 sententiae
1551 528 1746 576 subsunt,
1792 534 1858 567 aut

128 601 235 642 enim
256 600 510 653 compotandi
534 599 831 653 bacchandique
862 612 1003 640 caussa
1032 599 1179 652 petitur
1209 610 1252 637 ex
1282 597 1503 650 praeceptis
1535 595 1727 636 universis
1751 595 1857 647 quod

126 668 207 709 vita
225 667 355 708 brevis
380 667 433 707 sit
455 679 583 720 neque
606 680 708 719 quae
731 667 961 706 immineant
981 666 1173 713 sciamus,
1217 665 1325 718 quod
1349 663 1483 704 omnia
1506 663 1645 703 bibant
1663 663 1704 702 in
1725 666 1869 702 rerum·

124 740 280 783 namra,
304 735 410 788 quod
430 734 647 787 parendum
673 733 725 773 sit
747 733 842 781 deo,
869 738 939 773 aut
961 746 1006 772 ex
1025 738 1166 785 poetae
1184 731 1310 785 ipsius
1346 731 1601 779 condicione,
1647 730 1732 770 seni
1753 730 1856 769 enim

120 800 205 861 §uo
225 802 393 856 propius
415 815 437 842 a
455 807 583 841 morte
603 800 726 850 absit,
749 813 796 840 eo
815 801 941 852 magis
974 800 1182 840 fruendum
1207 811 1295 839 esse
1319 799 1409 838 vita.
1435 799 1523 838 Jam
1547 798 1654 837 hunc
1678 797 1856 837 ordinem

125 875 339 923 sequentes
373 869 547 910 carmina
587 880 906 921 percenseamus.
966 867 1011 907 In
1044 872 1184 920 quarto
1216 866 1388 907 carmine
1420 861 1491 917 (λ’)
1524 864 1738 917 propinare
1778 864 1858 904 vult

123 941 243 990 poeta
274 942 499 990 prostratus
530 936 570 975 in
603 935 740 988 myrtis
770 935 1001 987 floridisque
1030 934 1175 988 pratis,
1224 933 1384 974 bibendi
1415 932 1640 972 ministrum
1669 931 1855 970 Amorem

126 1003 377 1045 succinctum
411 1017 561 1057 papyro
595 1003 672 1043 sibi
706 1002 832 1054 eligit;
876 1003 951 1042 vita
987 1002 1091 1042 enim
1125 1001 1328 1042 celerrime
1362 999 1529 1040 elabitur
1560 1011 1689 1051 neque
1717 1003 1855 1050 postea

125 1083 268 1111 sumus
292 1071 370 1111 nisi
394 1071 565 1119 cineres3
591 1083 713 1123 quare
731 1071 833 1123 quae
857 1082 951 1110 cura
977 1069 1145 1110 babetur
1167 1074 1436 1116 mortuorum,
1462 1080 1507 1107 ea
1530 1066 1664 1118 potius
1688 1066 1728 1105 in
1747 1065 1854 1104 vivos

126 1139 364 1178 conserenda
389 1143 461 1185 est,
487 1144 604 1191 atque
629 1151 759 1187 curae,
789 1137 1019 1190 priusquam
1044 1137 1274 1183 moriamur,
1299 1134 1541 1175 abiiciendae
1564 1139 1669 1174 sunt.
1694 1133 1739 1173 In
1764 1132 1854 1172 uni-

124 1218 283 1246 versum
298 1219 380 1246 non
404 1219 620 1259 possumus
645 1218 727 1245 non
746 1218 836 1245 vere
846 1204 1174 1245 Anacreonticam
1198 1203 1392 1243 sentiendi
1411 1202 1605 1242 rationem
1626 1213 1852 1252 agnoscere,

51 1320 56 1325 ⁸
122 1285 202 1326 qua
220 1263 457 1314 hodiernum
478 1274 608 1314 solum
629 1273 732 1312 diem
755 1278 938 1312 curantes
959 1285 1078 1324 quam
1098 1270 1386 1324 jucundissime
1409 1269 1526 1310 vitam
1557 1279 1743 1321 peragere
1767 1273 1853 1308 stu-

102 1377 105 1379 ,
122 1340 299 1382 neamus.
348 1341 485 1394 Neque
503 1340 680 1392 singulae
699 1340 916 1380 sententiae
942 1344 1163 1392 repugnant
1185 1337 1444 1378 Anacreontis
1464 1336 1599 1384 aetati,
1629 1336 1753 1375 Amor
1771 1347 1852 1374 non

58 1410 74 1445 1
122 1420 225 1461 puer
240 1408 305 1448 ille
328 1408 514 1461 parvulus
540 1414 611 1456 est,
637 1408 706 1448 sed
730 1407 909 1447 minister
928 1406 1105 1455 adultus3
1129 1406 1205 1446 vita
1230 1418 1321 1445 cum
1346 1417 1487 1445 currus
1507 1409 1595 1444 rota
1614 1416 1695 1443 non
1722 1403 1853 1464 inepte

123 1481 394 1528 comparatum
419 1480 535 1528 poeta
553 1481 682 1516 autem
693 1476 941 1515 Anacreonte
958 1474 1233 1526 dignissimum
1253 1478 1314 1512 est
1337 1472 1431 1512 illud
1448 1471 1670 1519 consilium,
1692 1477 1735 1510 ut
1752 1483 1851 1522 quae

123 1541 332 1583 libationes
356 1548 472 1596 atque
491 1548 691 1595 unguenta
712 1544 928 1583 offerantur
950 1541 1130 1589 mortuis,
1158 1540 1411 1580 conserantur
1433 1540 1474 1579 in
1499 1539 1619 1579 vivos.

234 1609 280 1649 Id
309 1609 441 1662 ipsum
476 1623 522 1650 ex
555 1610 802 1651 Anacreonte
834 1609 1076 1662 posterioris
1110 1614 1252 1661 poetae
1284 1607 1477 1647 sumsisse
1510 1606 1688 1646 videntur
1719 1606 1767 1645 cf.
1802 1606 1847 1644 A.

119 1676 164 1716 P.
189 1676 243 1717 XI
261 1690 303 1730 p.
324 1674 423 1718 321.
448 1674 557 1726 n.,8:

388 1741 447 1796 μὴ
470 1741 583 1798 μύρα
606 1742 665 1795 μὴ
691 1740 917 1797 στεφάνους
939 1743 1118 1791 λιθίναις
1141 1738 1326 1795 στήλαισι
1345 1741 1514 1796 χαρίζου

389 1810 506 1860 ζῶντι
527 1826 598 1863 μοι
622 1809 664 1852 εἶ’
680 1824 717 1851 τι
743 1809 875 1858 θέλεις
894 1807 1076 1864 χάρισαι.

119 1879 170 1919 cf.
193 1878 240 1919 A.
277 1879 324 1920 P.
351 1879 381 1918 V
414 1892 454 1932 p.
486 1876 581 1919 107.
614 1892 654 1919 n.
684 1876 762 1919 85:
806 1877 930 1919 ὀστέα
963 1880 1029 1918 καὶ
1064 1876 1211 1919 onodur*
1236 1901 1293 1906 —-
1317 1874 1552 1927 κεισόμεθα.
1599 1878 1647 1917 cs.
1684 1876 1846 1927 Gregor.

120 1946 303 1987 Nazianz.
328 1946 373 1986 A.
404 1947 449 1987 Ρ.
474 1947 558 1987 VIII
592 1960 632 1999 p.
658 1943 742 1987 568
766 1960 806 1987 n.
830 1944 912 1987 107
923 1961 933 1988 :
977 1949 1049 1987 νῦν
1083 1944 1191 1994 κόνις
1214 1944 1289 1995 εἶζιί
1317 1945 1442 1997 ὀλίγη.
1502 1945 1639 1996 Neque
1663 1956 1737 1982 nos
1758 1956 1846 1982 mo-

119 2013 226 2054 vebit
243 2014 349 2067 quod
369 2014 599 2066 Anonymus
625 2015 729 2066 apud
752 2015 992 2054 Addisonem
1017 2015 1149 2067 inepte
1177 2013 1285 2066 loqui
1319 2018 1453 2052 censet
1483 2017 1639 2064 poetam
1665 2012 1713 2050 de
1737 2023 1846 2050 mor-

121 2086 281 2121 tuorum
303 2081 471 2130 choreis,
498 2094 588 2121 cum
614 2082 661 2121 de
686 2082 817 2121 cinere
841 2088 953 2122 autea
975 2082 1131 2129 dixerit,
1157 2093 1329 2121 coronae
1354 2080 1458 2120 enim
1479 2085 1518 2118 et
1536 2084 1736 2130 unguenta
1766 2090 1847 2117 non

120 2147 391 2194 ,offerebantur
412 2147 564 2188 umbris
595 2148 669 2188 illis
705 2149 745 2188 in
767 2150 932 2190 Tartaro
959 2147 1361 2199 circumvagantihus,
1395 2147 1464 2186 sed
1490 2146 1649 2198 corpori
1674 2151 1847 2192 mortno,

122 2215 230 2268 quod
249 2215 450 2255 ‘dilabitur
481 2216 521 2255 in
564 2215 776 2268 pulverem.
836 2217 884 2255 At
917 2222 1067 2256 restant
1094 2228 1208 2263 sane,
1249 2228 1349 2267 quae
1380 2227 1475 2255 num
1511 2214 1560 2254 ad
1588 2212 1846 2252 Anacreontis

120 2287 286 2323 aetatem
310 2283 555 2335 pertineant,
577 2283 746 2323 dubitari
767 2288 915 2335 potest:
955 2283 1127 2335 primum
1153 2295 1248 2322 num
1273 2282 1410 2335 papyri
1430 2282 1495 2321 illo
1516 2287 1695 2332 tempore
1717 2285 1847 2319 tantus

120 2349 226 2402 apud
251 2350 422 2390 Graecos
443 2363 539 2390 usus
565 2350 697 2399 suerit,
742 2356 786 2390 ut
809 2350 1038 2403 simpliciter
1067 2363 1140 2403 pro
1170 2350 1236 2390 filo
1266 2350 1481 2398 diceretur,
1524 2354 1607 2388 tum
1638 2347 1755 2387 verba
1785 2347 1848 2386 illa

120 2413 273 2457 ὀστέων
297 2416 505 2457 λυθέντων
529 2418 724 2470 duplicem
758 2418 962 2458 notionem
986 2417 1168 2470 amplecti
1188 2422 1379 2469 possunt,
1417 2421 1462 2456 ut
1492 2421 1560 2456 aut
1592 2414 1640 2455 ad
1663 2414 1847 2454 Homeri-

122 2495 214 2523 cum
248 2480 357 2524 λύειν
389 2482 567 2538 γούνατα
607 2485 797 2525 accedant
838 2491 906 2526 aut
939 2485 1122 2537 dissipari
1156 2485 1195 2524 in
1228 2484 1402 2536 singulas
1436 2488 1567 2536 partes
1604 2482 1847 2534 significent:

121 2549 291 2603 denique
324 2564 420 2591 num
450 2552 643 2604 particula
678 2547 733 2597 ὡς
761 2553 839 2592 hoc
873 2552 961 2592 loco
998 2558 1087 2605 apte
1120 2552 1249 2604 posita
1275 2552 1347 2600 sit,
1389 2550 1602 2603 quaeritur.
1663 2549 1779 2598 Quod
1800 2548 1848 2589 ad

121 2617 291 2675 primam
309 2620 581 2671 quaestionem
606 2619 760 2668 attinet,
794 2619 901 2671 bybli
924 2632 1022 2659 usus
1047 2625 1130 2659 tum
1156 2619 1313 2659 demum
1335 2619 1374 2658 in
1401 2618 1642 2659 Graecorum
1668 2615 1848 2655 notitiam

122 2682 244 2735 venit,
279 2698 369 2726 cum
395 2687 686 2727 Psammeticho
722 2692 908 2738 regnante
930 2687 1128 2739 Aegyptus
1156 2686 1315 2726 Graecis
1341 2685 1577 2738 aperiretur,
1610 2689 1748 2737 postea
1774 2695 1846 2723 au-

36 2786 49 2793 -
123 2756 203 2796 ,tem
226 2764 317 2793 cum
341 2754 607 2794 effloresceret
631 2754 786 2793 colonia
810 2754 1018 2793 Naucratis
1049 2767 1283 2806 summaque
1314 2752 1573 2793 intercederet
1601 2751 1702 2791 inter
1729 2750 1846 2789 Ama-

123 2818 187 2858 sin
208 2819 531 2874 Polycratemque
555 2821 726 2862 amicitia
751 2826 867 2873 atque
898 2821 1170 2870 necessitudo,
1212 2820 1400 2861 latissime
1425 2832 1516 2859 eum
1541 2818 1717 2870 patuisse
1742 2823 1780 2856 et
1803 2828 1846 2856 ex

76 2893 81 2896 ⁴
122 2884 370 2928 bibliothecis
395 2888 563 2928 conditis
589 2894 628 2928 et
650 2901 694 2928 ex
719 2889 802 2940 lege
826 2888 1019 2929 Pisistrati
1053 2894 1238 2941 apparet,
1280 2900 1356 2940 qua
1392 2885 1663 2937 unusquisque
1689 2883 1782 2923 civis
1808 2883 1846 2922 in

126 2952 337 2995 scribendo
362 2954 512 2996 institui
533 2955 748 3008 jubebatur
771 2956 820 2996 cf.
847 2955 1006 2996 Nitzsch
1031 2956 1123 2996 hist.
1146 2955 1260 2996 Hom.
1287 2956 1381 2995 fasc.
1410 2954 1438 2993 1.
1465 2967 1503 3005 p.
1530 2949 1599 2992 82.
1625 2948 1694 2991 83.
1755 2950 1849 2989 lude
