1910 3268
970 161 1027 204 87

250 287 387 328 Statim
413 287 672 340 adiungamus
702 287 782 327 duo
818 288 1015 336 carmina,
1051 288 1092 328 in
1116 287 1261 340 quibus
1296 289 1452 328 somnia
1477 301 1636 341 quoque
1669 292 1858 331 amatoria

137 368 160 395 a
184 360 300 408 poeta
332 360 625 407 proponuntur.
669 354 715 394 In
745 360 883 394 octavo
916 355 1090 396 carmine
1115 352 1260 410 (Μ,λε’)
1290 356 1444 396 videtur
1469 356 1544 396 sibi
1578 362 1696 409 poeta
1718 358 1860 398 ludens

144 435 236 463 cum
255 422 398 475 puellis
423 434 585 462 cursum
607 422 773 462 celerem
799 422 1029 472 extendere,
1055 436 1173 475 quam
1202 436 1285 463 rem
1321 436 1411 464 cum
1444 424 1641 464 invideant
1669 424 1724 464 issi
1748 425 1861 477 pueri

137 489 288 543 pulcri,
333 489 503 529 osculari
542 502 613 529 eos
647 489 774 542 cupit3
813 491 897 542 jam
936 491 1145 542 effugiunt,
1182 491 1318 542 effugit
1346 491 1569 540 somnium;
1604 491 1727 531 miser
1743 497 1863 544 poeta

138 555 282 597 iterum
305 556 479 596 dormire
503 557 624 610 cupit.
659 557 837 598 Iuventio
859 557 946 609 ipsa
970 570 1067 597 sane
1091 558 1246 610 poetica
1274 564 1335 598 est
1359 571 1488 611 neque
1506 559 1755 600 Anacreonte
1778 571 1861 600 non

11 643 22 678 ,ι
53 615 108 663 'ss
137 623 268 676 digna,
292 629 444 664 veteres
469 623 574 663 enim
598 629 737 677 poetas
762 624 918 664 somnia
944 624 986 677 in
1014 625 1256 665 carminibus
1287 626 1514 677 protulisse,
1540 631 1735 667 testantur
1759 627 1861 679 Sap-

137 691 220 744 pho
247 691 295 731 fr.
319 687 377 730 53
397 695 437 730 et
458 691 624 731 Alcaeus
654 692 701 731 fr.
726 688 796 731 94.
841 692 957 740 Quod
989 698 1122 732 autem
1145 692 1327 733 Welcker
1359 707 1399 745 p.
1425 690 1511 734 304
1543 693 1640 734 satis
1670 694 1862 736 novitium

137 770 298 799 cannen
321 762 486 810 propter
505 758 660 798 dicendi
683 759 878 799 rationem
902 771 990 798 esse
1014 759 1163 808 dixerit,
1188 760 1294 799 nulla
1311 761 1427 812 plane
1448 773 1589 801 caussa
1609 762 1759 811 nititur,
1780 774 1863 802 non

137 825 245 866 enim
277 824 327 865 ab
357 824 487 871 ionica
522 826 688 865 dialecto
724 826 865 866 defecit
891 831 1007 878 poeta
1043 838 1173 878 neque
1206 820 1409 867 vocabulis
1436 841 1534 867 usus
1566 834 1627 868 est
1649 829 1861 870 inusitatis.

137 891 216 932 Sed
235 891 449 945 quominus
469 893 709 934 Anacreonti
734 894 955 934 tribuamus
980 906 1153 943 carmen,
1174 894 1340 947 impedit
1363 901 1403 935 et
1423 909 1448 934 v
1469 895 1510 935 in
1535 893 1743 936 ἐκτανύειν
1766 910 1863 950 pro-

130 959 302 1006 ductum
323 965 363 999 et
389 973 425 1000 v,
442 957 495 1000 11
523 959 570 1000 δέ
595 960 637 1000 111
660 961 738 1001 arsi
767 974 841 1014 pro
873 962 991 1013 longa
1016 962 1163 1014 syllaba
1194 968 1443 1015 usurpatum.
1462 986 1519 991 —
1546 964 1593 1003 In
1626 964 1862 1004 duodecimo

140 1027 314 1068 carmine
334 1024 470 1081 (May)
493 1034 610 1081 poeta
647 1040 691 1068 ex
713 1029 936 1080 gratissimo
962 1029 1143 1078 somnio,
1177 1030 1219 1069 in
1240 1043 1319 1082 quo
1340 1031 1540 1084 Bathyllus
1570 1031 1695 1070 menti
1720 1031 1862 1072 obver-

141 1093 317 1147 sabatur,
341 1095 565 1135 hirundinis
592 1101 719 1154 cantu.
740 1097 1033 1149 expergefactus
1054 1096 1096 1136 in
1127 1109 1214 1136 eam
1238 1096 1454 1147 invehitur,
1480 1099 1681 1151 quomodo
1712 1099 1864 1152 puniat,

138 1167 273 1202 utrum
301 1162 471 1215 pedibus
507 1163 758 1215 amputandis
794 1176 845 1203 an
879 1163 1012 1215 lingua
1052 1164 1273 1216 eripienda,
1313 1166 1528 1207 haesitans.
1577 1166 1864 1218 Argumentum

139 1229 272 1282 ipsum
296 1230 347 1270 ad
374 1230 663 1271 Anacreontem
687 1231 936 1270 referendum
976 1231 1129 1272 videtur
1160 1238 1325 1285 propter
1350 1234 1520 1286 lepidam
1550 1234 1866 1287 simplicitatem;

139 1297 292 1338 accedit
311 1298 418 1350 quod
439 1311 460 1338 a
486 1298 629 1338 Proclo
651 1304 690 1337 et
707 1298 848 1338 Tzetze
873 1299 922 1338 ad
939 1298 1032 1339 Hes.
1056 1300 1131 1351 Op.
1153 1297 1235 1339 371
1262 1300 1412 1352 κωτίλη
1432 1298 1606 1353 χελιδών
1625 1302 1865 1342 Anacreonti

139 1364 389 1414 adscribitur,
416 1366 522 1417 quod
548 1366 709 1405 Tzetzes
735 1366 793 1406 sic
814 1366 1017 1419 explicavit
1036 1365 1103 1406 διὰ
1125 1365 1171 1407 τὸ
1195 1364 1320 1414 λάλος
1344 1365 1458 1409 εἶναι.
1501 1369 1619 1422 Atqui
1639 1376 1677 1410 et
1697 1370 1866 1422 Stepha-

139 1444 216 1472 nus
247 1438 287 1473 et
319 1433 443 1473 codex
471 1432 671 1472 Palatinus
701 1433 893 1485 praebent
921 1430 1026 1485 λάλη
1050 1441 1119 1475 aut
1148 1436 1283 1484 λαλεῖ),
1315 1449 1396 1476 non
1427 1437 1598 1488 κωτίλη,
1629 1437 1677 1478 ab
1702 1437 1867 1489 Agathia

141 1499 388 1540 Scholastico
421 1500 653 1541 hirundines
678 1500 918 1555 λαλητρίδες
950 1501 995 1541 Α.
1026 1502 1070 1542 Ρ.
1093 1502 1135 1541 V.
1161 1516 1201 1543 n.
1224 1501 1320 1552 237,
1342 1502 1381 1551 7,
1414 1518 1436 1545 a
1458 1505 1643 1558 Philippo
1664 1506 1710 1545 A.
1736 1505 1781 1544 P.
1805 1504 1865 1544 VI.

141 1580 182 1608 11.
211 1564 315 1611 247ε
355 1564 605 1620 ὄρθρολάλοι
635 1574 840 1609 vocantur.
906 1569 1171 1610 Nihilominus
1204 1583 1286 1611 non
1321 1573 1453 1612 statim
1494 1586 1584 1613 cum
1619 1572 1866 1613 Mehlliornio

141 1635 306 1688 aliisque
335 1635 429 1675 illud
458 1632 561 1687 λάλη
587 1635 628 1675 111
654 1635 803 1686 κωτίλη
824 1636 1069 1685 mutaverim,
1097 1651 1187 1678 cum
1209 1651 1305 1679 num
1327 1646 1509 1680 nostrum
1535 1641 1714 1682 odarium
1736 1653 1868 1692 gram-—

142 1703 287 1743 matico
309 1703 524 1755 genuinum
551 1716 708 1743 carmen
738 1703 1079 1744 circumscribenti
1109 1711 1177 1745 aut
1208 1706 1376 1747 imitanti
1407 1707 1865 1748 debeatur-nesciamus.

141 1769 201 1810 Ad
231 1770 452 1822 argumenti
477 1770 581 1810 illius
614 1770 662 1810 ab
688 1771 936 1810 Anacreonte
966 1772 1096 1823 primo
1123 1774 1277 1813 tractati
1306 1776 1527 1827 exemplum
1557 1775 1798 1827 epigramma
1830 1781 1870 1814 et

144 1837 332 1891 Agathiae
362 1837 388 1878 l.
419 1837 446 1877 l.
478 1844 516 1877 et
548 1838 669 1878 Marci
703 1838 920 1890 Argentarii
957 1839 1015 1879 A:
1031 1840 1077 1880 P.
1107 1841 1182 1890 IX,
1218 1854 1258 1881 n.
1287 1838 1371 1883 286
1401 1843 1670 1895 compositum
1702 1843 1866 1891 videtur,

147 1917 316 1957 quorum
339 1905 499 1946 alterius
518 1906 636 1946 verba
658 1906 775 1958 plane
800 1919 889 1946 cum
915 1907 994 1945 1100
1015 1908 1151 1947 odario
1174 1915 1415 1960 congruunt:

345 1970 434 2024 ὄρνι
457 1973 500 2013 τί
518 1988 588 2024 μοι
613 1973 734 2027 φίλον
757 1970 885 2014 ὕπνον
908 1970 1181 2026 ἄφῆρπασαςς
1206 1972 1285 2027 ἡδὺ
1306 1975 1350 2016 δὲ
1372 1974 1543 2031 Πῦρῤης

344 2038 511 2081 εἴδωλον
536 2040 674 2092 κοίτης
697 2039 810 2097 ᾤχετ’
841 2037 1144 2092 ἀποπτάμενον.

140 2108 191 2148 At
215 2121 288 2148 cur
319 2121 402 2149 nou
432 2109 564 2150 statim
590 2114 772 2150 nostrum
804 2110 984 2150 odarium
1030 2111 1290 2151 Anacreontis
1335 2113 1551 2164 genuinum
1592 2126 1680 2154 esse
1714 2115 1867 2163 statuis,

141 2176 247 2228 quod
277 2182 418 2228 poetae
448 2176 502 2216 illi
533 2176 703 2216 seriores
727 2177 867 2217 imitati
902 2176 1025 2217 sunt?
1050 2177 1176 2218 Verba
1200 2178 1286 2231 ipsa
1311 2186 1534 2232 repugnant
1557 2181 1868 2222 Anacreonticae

141 2243 298 2293 aetati,
307 2243 480 2296 primum
510 2242 562 2284 τὰ
591 2242 723 2295 rapo&
749 2246 855 2298 apud
878 2246 1068 2285 Nonnum
1094 2251 1133 2285 et
1157 2246 1382 2298 Oppianum
1416 2248 1576 2288 demum
1600 2250 1866 2301 reperiuntur,

141 2316 226 2351 tum
249 2309 412 2361 ψαλίξω
437 2316 476 2351 et
498 2311 694 2365 ἔκθερΐξω
719 2313 868 2352 formae
886 2312 1002 2365 plane
1023 2313 1181 2353 doricae
1204 2320 1298 2354 sunt
1322 2316 1369 2355 cf.
1403 2315 1566 2367 Gregor.
1592 2317 1681 2356 Cor.
1705 2331 1744 2369 p.
1770 2315 1869 2360 327.

143 2377 297 2427 Quibus
328 2390 418 2418 cum
442 2380 604 2420 accedat
627 2380 721 2419 illud
756 2375 859 2432 λάλη
891 2380 1040 2420 00111015
1071 2381 1303 2422 auctoritate
1327 2388 1547 2431 servatum,
1574 2384 1708 2436 potius
1733 2397 1866 2436 gram-

142 2444 287 2486 matico
321 2445 483 2485 serioris
514 2447 674 2496 aetatis,
707 2447 773 2500 qui
807 2454 1083 2499 argumentum
1125 2461 1170 2488 ex
1198 2449 1447 2490 Anacreonte
1482 2451 1713 2503 depromsit,
1749 2465 1867 2505 quam

74 2517 76 2519 ’
145 2513 381 2553 Anacreonti
405 2513 697 2566 adscripserim.

255 2579 391 2620 Restat
413 2593 486 2632 par
511 2581 752 2630 carminum,
784 2594 953 2634 quorum
988 2582 1133 2631 altero,
1165 2583 1260 2635 quid
1288 2584 1444 2625 seminis
1474 2586 1682 2638 proprium
1718 2587 1869 2627 dederit

142 2660 276 2688 rerum
302 2653 463 2696 natura,
493 2648 615 2689 altero
641 2661 685 2688 ex
710 2662 788 2701 qua
816 2662 859 2689 re
884 2655 1150 2700 agnoscantur
1179 2658 1356 2692 amantes
1383 2653 1615 2694 declaratur.
1660 2654 1705 2694 111
1735 2654 1869 2706 1111010

144 2715 280 2755 odario
301 2714 477 2755 secundo
499 2716 568 2768 (M.
578 2712 638 2755 κδ’
641 2716 659 2768 )
680 2716 853 2768 primum
864 2717 958 2768 quid
978 2722 1117 2758 natura
1128 2731 1260 2758 rerum
1279 2719 1430 2760 dederit
1449 2720 1584 2770 tauris,
1611 2721 1734 2773 equis,
1754 2721 1868 2773 lepo-

143 2781 268 2831 ribus,
291 2781 499 2831 leonibus,
524 2782 714 2835 piscibus,
736 2784 886 2833 avibus,
912 2784 1024 2833 viris,
1047 2798 1126 2837 quo
1148 2798 1192 2825 se
1211 2786 1422 2827 defendant
1442 2794 1674 2841 ornentque‚
1700 2801 1867 2841 percen-

144 2854 206 2890 set
223 2854 360 2902 poeta3
374 2849 458 2902 jam
479 2850 574 2890 nihil
596 2850 699 2890 videt
717 2851 823 2903 quod
847 2851 1041 2904 reliquum
1072 2852 1123 2892 sit
1153 2853 1308 2904 seminis
1334 2854 1411 2894 nisi
1435 2854 1760 2907 pulcritudinem,
1792 2869 1868 2908 qua
1893 2869 1904 2880 ·

146 2921 186 2956 et
213 2929 280 2956 aes
314 2922 353 2956 et
386 2916 487 2968 ignis
523 2917 713 2958 vincatur.
761 2919 817 2958 Ita
853 2919 1024 2959 instituit
1057 2925 1197 2972 poeta,
1242 2927 1287 2961 ut
1318 2934 1478 2973 semper
1503 2922 1612 2974 paria
1641 2923 1870 2963 animalium

148 2980 632 3025 nominarentur'maxime
662 2985 924 3026 diversorum:
953 2986 1028 3026 bos
1054 2993 1094 3027 et
1111 3000 1249 3040 equus,
1271 2989 1385 3041 lepus
1400 2994 1439 3028 et
1459 2990 1533 3037 leo,
1555 2989 1685 3042 pisces
1707 2996 1746 3030 et
1763 3002 1866 3030 aves.
